<?xml version="1.0" ?><OAI-PMH xmlns="http://www.openarchives.org/OAI/2.0/" xmlns:xsi="http://www.w3.org/2001/XMLSchema-instance" xsi:schemaLocation="http://www.openarchives.org/OAI/2.0/ http://www.openarchives.org/OAI/2.0/OAI-PMH.xsd">
  <responseDate>2024-11-20T18:25:43Z</responseDate>
  <request resumptionToken="1900-01-01@all@UNIGE_ALL@marc21@5986527800005502" verb="ListRecords">https://slsp-unige.alma.exlibrisgroup.com/view/oai/41SLSP_UGE/request</request>
<ListRecords><record><header><identifier>oai:alma.41SLSP_UGE:991000786679705502</identifier><datestamp>2023-03-01T01:09:35Z</datestamp><setSpec>uge_bcen_RapidILL_BOOK</setSpec><setSpec>uge_aaca_RapidILL_BOOK</setSpec><setSpec>uge_abels_RapidILL_BOOK</setSpec><setSpec>uge_dbu_RapidILL_BOOK</setSpec><setSpec>uge_cmu_RapidILL_BOOK</setSpec><setSpec>uge_mail_RapidILL_BOOK</setSpec><setSpec>UNIGE_ALL</setSpec><setSpec>uge_abbat_RapidILL_BOOK</setSpec><setSpec>uge_acar_RapidILL_BOOK</setSpec><setSpec>uge_aobs_RapidILL_BOOK</setSpec></header><metadata>
<record xmlns="http://www.loc.gov/MARC21/slim" xmlns:xsi="http://www.w3.org/2001/XMLSchema-instance" xsi:schemaLocation="http://www.loc.gov/MARC21/slim http://www.loc.gov/standards/marcxml/schema/MARC21slim.xsd"><leader>02529nam a2200673 c 4500</leader><controlfield tag="001">991000786679705502</controlfield><controlfield tag="005">20230223200529.0</controlfield><controlfield tag="008">201012s1974    sz ||||| |||| 00| ||eng d</controlfield><datafield ind1=" " ind2=" " tag="020"><subfield code="a">9221010856</subfield><subfield code="q">paperback</subfield></datafield><datafield ind1=" " ind2=" " tag="020"><subfield code="a">9221010910</subfield><subfield code="q">hardback</subfield></datafield><datafield ind1="7" ind2=" " tag="024"><subfield code="a">http://catalogue.bnf.fr/ark:/12148/cb35309379v</subfield><subfield code="2">uri</subfield></datafield><datafield ind1=" " ind2=" " tag="035"><subfield code="a">(swissbib)237792028-41slsp_network</subfield></datafield><datafield ind1=" " ind2=" " tag="035"><subfield code="a">237792028</subfield><subfield code="9">ExL</subfield></datafield><datafield ind1=" " ind2=" " tag="035"><subfield code="a">(RERO)0195467-41slsp</subfield></datafield><datafield ind1=" " ind2=" " tag="035"><subfield code="a">(NEBIS)002578890EBI01</subfield></datafield><datafield ind1=" " ind2=" " tag="035"><subfield code="a">(IDSBB)000308637DSV01</subfield></datafield><datafield ind1=" " ind2=" " tag="035"><subfield code="a">(EXLNZ-41SLSP_NETWORK)991017062629705501</subfield></datafield><datafield ind1=" " ind2=" " tag="040"><subfield code="a">RERO</subfield><subfield code="d">CH-ZuSLS</subfield></datafield><datafield ind1=" " ind2=" " tag="044"><subfield code="a">sz</subfield><subfield code="c">ch-ge</subfield></datafield><datafield ind1=" " ind2="7" tag="072"><subfield code="a">go</subfield><subfield code="2">rero</subfield></datafield><datafield ind1=" " ind2="7" tag="072"><subfield code="a">ur</subfield><subfield code="2">rero</subfield></datafield><datafield ind1=" " ind2="7" tag="072"><subfield code="a">wi</subfield><subfield code="2">SzZuIDS BS/BE</subfield></datafield><datafield ind1="0" ind2="0" tag="082"><subfield code="a">309.2/62/095414</subfield></datafield><datafield ind1="0" ind2="4" tag="082"><subfield code="a">301.360954</subfield><subfield code="b">L928u</subfield></datafield><datafield ind1="1" ind2="4" tag="082"><subfield code="a">331.120 954147</subfield><subfield code="2">22</subfield></datafield><datafield ind1="1" ind2="4" tag="082"><subfield code="a">330</subfield><subfield code="2">15</subfield></datafield><datafield ind1="1" ind2=" " tag="100"><subfield code="a">Lubell, Harold</subfield><subfield code="0">(IDREF)080836070</subfield><subfield code="4">cre</subfield></datafield><datafield ind1="1" ind2="0" tag="245"><subfield code="a">Urban development and employment</subfield><subfield code="b">the prospects for Calcutta</subfield><subfield code="c">Harold Lubell</subfield></datafield><datafield ind1="1" ind2="4" tag="246"><subfield code="a">Calcutta</subfield></datafield><datafield ind1=" " ind2="1" tag="264"><subfield code="a">Geneva</subfield><subfield code="b">International Labour Office</subfield><subfield code="c">1974</subfield></datafield><datafield ind1=" " ind2=" " tag="300"><subfield code="a">X, 143 p.</subfield><subfield code="b">fig.</subfield><subfield code="c">24 cm</subfield></datafield><datafield ind1=" " ind2=" " tag="336"><subfield code="b">txt</subfield><subfield code="2">rdacontent</subfield></datafield><datafield ind1=" " ind2=" " tag="337"><subfield code="b">n</subfield><subfield code="2">rdamedia</subfield></datafield><datafield ind1=" " ind2=" " tag="338"><subfield code="b">nc</subfield><subfield code="2">rdacarrier</subfield></datafield><datafield ind1="0" ind2=" " tag="490"><subfield code="a">A WEP study</subfield></datafield><datafield ind1="1" ind2=" " tag="490"><subfield code="a">ILO studies on urbanization and employment</subfield></datafield><datafield ind1="0" ind2=" " tag="490"><subfield code="a">Publications spéciales / Bureau international du travail</subfield><subfield code="v">85</subfield></datafield><datafield ind1=" " ind2=" " tag="500"><subfield code="a">Umschlagtitel: Calcutta : its urban development and employment prospects</subfield></datafield><datafield ind1=" " ind2="7" tag="650"><subfield code="a">Emploi</subfield><subfield code="0">(IDREF)028397673</subfield><subfield code="2">idref</subfield></datafield><datafield ind1=" " ind2="7" tag="650"><subfield code="a">Urbanisation</subfield><subfield code="0">(IDREF)027255034</subfield><subfield code="2">idref</subfield></datafield><datafield ind1=" " ind2="7" tag="650"><subfield code="a">Arbeitsmarkt</subfield><subfield code="0">(DE-588)4002733-8</subfield><subfield code="2">gnd</subfield></datafield><datafield ind1=" " ind2="7" tag="650"><subfield code="a">Wirtschaftsentwicklung</subfield><subfield code="0">(DE-588)4066438-7</subfield><subfield code="2">gnd</subfield></datafield><datafield ind1=" " ind2="0" tag="650"><subfield code="a">Cities and towns, Planning, Calcutta metropolitan area</subfield></datafield><datafield ind1=" " ind2="0" tag="650"><subfield code="a">City planning</subfield><subfield code="z">India</subfield><subfield code="z">Kolkata Metropolitan Area</subfield></datafield><datafield ind1=" " ind2="0" tag="650"><subfield code="a">Labor supply, Calcutta metropolitan area</subfield></datafield><datafield ind1=" " ind2="0" tag="650"><subfield code="a">Labor supply</subfield><subfield code="z">India</subfield><subfield code="z">Kolkata Metropolitan Area</subfield></datafield><datafield ind1=" " ind2="4" tag="650"><subfield code="a">Arbeitsmarkt</subfield></datafield><datafield ind1=" " ind2="4" tag="650"><subfield code="a">Wirtschaftsentwicklung</subfield></datafield><datafield ind1=" " ind2="7" tag="651"><subfield code="a">Calcutta (Inde)</subfield><subfield code="0">(IDREF)027377695</subfield><subfield code="2">idref</subfield></datafield><datafield ind1=" " ind2="7" tag="651"><subfield code="a">Kalkutta</subfield><subfield code="0">(DE-588)4029344-0</subfield><subfield code="2">gnd</subfield></datafield><datafield ind1=" " ind2="0" tag="651"><subfield code="a">Calcutta (India)</subfield><subfield code="x">Economic conditions</subfield></datafield><datafield ind1=" " ind2="0" tag="651"><subfield code="a">Calcutta (India)</subfield><subfield code="x">Social conditions</subfield></datafield><datafield ind1=" " ind2="4" tag="651"><subfield code="a">Kalkutta</subfield></datafield><datafield ind1=" " ind2=" " tag="691"><subfield code="e">AW 20.c</subfield><subfield code="a">West Bengal</subfield><subfield code="2">ubs-FH</subfield></datafield><datafield ind1="1" ind2="2" tag="700"><subfield code="a">Lubell, Harold</subfield><subfield code="t">Calcutta : its urban development and employment prospects</subfield></datafield><datafield ind1="2" ind2=" " tag="710"><subfield code="a">Bureau international du travail</subfield><subfield code="0">(IDREF)026362856</subfield></datafield><datafield ind1=" " ind2=" " tag="830"><subfield code="a">Ilo Studies on Urbanisation and Employment</subfield><subfield code="w">(RERO)0171881-41slsp</subfield></datafield><datafield ind1=" " ind2=" " tag="900"><subfield code="a">REROnoselfmerge</subfield></datafield><datafield ind1=" " ind2=" " tag="900"><subfield code="a">IDSERMedeaSOZARCH</subfield></datafield><datafield ind1=" " ind2=" " tag="900"><subfield code="a">IDSZ2zbzmon201304rl</subfield><subfield code="c">IDSZ2murd</subfield></datafield></record>
</metadata></record>