<record><header><identifier>oai:alma.41SLSP_UGE:991000786049705502</identifier><datestamp>2023-06-26T00:15:07Z</datestamp><setSpec>UNIGE_ALL</setSpec></header><metadata>
<record xmlns="http://www.loc.gov/MARC21/slim" xmlns:xsi="http://www.w3.org/2001/XMLSchema-instance" xsi:schemaLocation="http://www.loc.gov/MARC21/slim http://www.loc.gov/standards/marcxml/schema/MARC21slim.xsd"><leader>01684ngm a2200313 c 4500</leader><controlfield tag="001">991000786049705502</controlfield><controlfield tag="005">20230625102308.0</controlfield><controlfield tag="007">vd |v||||</controlfield><controlfield tag="008">081118s2001    fr ||| |          v|fre d</controlfield><datafield ind1=" " ind2=" " tag="035"><subfield code="a">(swissbib)107371642-41slsp_network</subfield></datafield><datafield ind1=" " ind2=" " tag="035"><subfield code="a">107371642</subfield><subfield code="9">ExL</subfield></datafield><datafield ind1=" " ind2=" " tag="035"><subfield code="a">(RERO)R004865707-41slsp</subfield></datafield><datafield ind1=" " ind2=" " tag="035"><subfield code="a">(EXLNZ-41SLSP_NETWORK)991159709599705501</subfield></datafield><datafield ind1=" " ind2=" " tag="040"><subfield code="a">RERO geumem</subfield><subfield code="d">CH-ZuSLS</subfield></datafield><datafield ind1=" " ind2="7" tag="072"><subfield code="a">pe</subfield><subfield code="2">rero</subfield></datafield><datafield ind1="0" ind2="0" tag="245"><subfield code="a">Apprendre... avec tous ces adultes ?</subfield><subfield code="b">la coéducation à l'école</subfield><subfield code="c">conception Groupe &quot;Politiques éducatives&quot; Ceméa Paca ; réal. Daniel Salles ; musique originale Frédéric Salles</subfield></datafield><datafield ind1=" " ind2="1" tag="264"><subfield code="a">Paris</subfield><subfield code="b">Ceméa [prod.]</subfield><subfield code="c">2001</subfield></datafield><datafield ind1=" " ind2=" " tag="300"><subfield code="a">1 DVD vidéo (43 min)</subfield></datafield><datafield ind1=" " ind2=" " tag="336"><subfield code="b">tdi</subfield><subfield code="2">rdacontent</subfield></datafield><datafield ind1=" " ind2=" " tag="337"><subfield code="b">v</subfield><subfield code="2">rdamedia</subfield></datafield><datafield ind1=" " ind2=" " tag="338"><subfield code="b">vd</subfield><subfield code="2">rdacarrier</subfield></datafield><datafield ind1=" " ind2=" " tag="508"><subfield code="a">Image et montage Daniel Salles ; son Karim Belfitah, Sébastien Demonchy, Frédéric Salles</subfield></datafield><datafield ind1="8" ind2=" " tag="520"><subfield code="a">&quot;Le service public d'éducation accueille des personnels de statuts et de fonctions très divers. Ce film aborde quelques questions suceptibles de contribuer à la réflexion engagée par de nombreuses équipes éducatives : comment les enfants trouvent-ils leurs repères parmi des multiples personnes, les enseignants parviennent-ils à réunir les conditions d'un travail en équipe garantissant une action cohérente ?&quot;</subfield><subfield code="5">RERO/geumem/10.2002</subfield></datafield><datafield ind1=" " ind2="7" tag="650"><subfield code="a">Enseignement primaire</subfield><subfield code="0">(IDREF)027288757</subfield><subfield code="2">idref</subfield></datafield><datafield ind1=" " ind2="7" tag="650"><subfield code="a">Coopération</subfield><subfield code="0">(IDREF)027790053</subfield><subfield code="2">idref</subfield></datafield><datafield ind1=" " ind2="7" tag="650"><subfield code="a">équipe éducative</subfield><subfield code="0">(RERO)A009987355</subfield><subfield code="2">rerovoc</subfield></datafield><datafield ind1=" " ind2="7" tag="650"><subfield code="a">Enseignants</subfield><subfield code="0">(IDREF)027304418</subfield><subfield code="2">idref</subfield></datafield><datafield ind1=" " ind2="7" tag="650"><subfield code="a">Groupes de travail</subfield><subfield code="0">(IDREF)027607399</subfield><subfield code="2">idref</subfield></datafield><datafield ind1=" " ind2="7" tag="655"><subfield code="a">DVD</subfield><subfield code="2">idref</subfield><subfield code="0">(IDREF)035108444</subfield></datafield><datafield ind1="1" ind2=" " tag="700"><subfield code="a">Salles, Daniel</subfield><subfield code="d">1957-....</subfield><subfield code="0">(IDREF)050659960</subfield></datafield></record>
</metadata></record>