<record><header><identifier>oai:alma.41SLSP_UGE:991000786789705502</identifier><datestamp>2023-06-20T00:27:21Z</datestamp><setSpec>uge_bcen_RapidILL_BOOK</setSpec><setSpec>uge_aaca_RapidILL_BOOK</setSpec><setSpec>uge_abels_RapidILL_BOOK</setSpec><setSpec>uge_dbu_RapidILL_BOOK</setSpec><setSpec>uge_cmu_RapidILL_BOOK</setSpec><setSpec>uge_mail_RapidILL_BOOK</setSpec><setSpec>uge_abbat_RapidILL_BOOK</setSpec><setSpec>UNIGE_ALL</setSpec><setSpec>uge_aobs_RapidILL_BOOK</setSpec><setSpec>uge_acar_RapidILL_BOOK</setSpec></header><metadata>
<record xmlns="http://www.loc.gov/MARC21/slim" xmlns:xsi="http://www.w3.org/2001/XMLSchema-instance" xsi:schemaLocation="http://www.loc.gov/MARC21/slim http://www.loc.gov/standards/marcxml/schema/MARC21slim.xsd"><leader>03781nam a2200865 c 4500</leader><controlfield tag="001">991000786789705502</controlfield><controlfield tag="005">20230619194351.0</controlfield><controlfield tag="008">201011s2005    xxk||||| |||| 00| ||eng d</controlfield><datafield ind1=" " ind2=" " tag="010"><subfield code="a">2004061491</subfield></datafield><datafield ind1=" " ind2=" " tag="015"><subfield code="a">GBA647910</subfield><subfield code="2">bnb</subfield></datafield><datafield ind1=" " ind2=" " tag="020"><subfield code="a">052182687X</subfield><subfield code="q">hbk.</subfield><subfield code="c">No price</subfield></datafield><datafield ind1=" " ind2=" " tag="020"><subfield code="a">9780521826877</subfield><subfield code="q">hbk.</subfield><subfield code="c">No price</subfield></datafield><datafield ind1=" " ind2=" " tag="035"><subfield code="a">(swissbib)225748967-41slsp_network</subfield></datafield><datafield ind1=" " ind2=" " tag="035"><subfield code="a">225748967</subfield><subfield code="9">ExL</subfield></datafield><datafield ind1=" " ind2=" " tag="035"><subfield code="a">(RERO)R003793942-41slsp</subfield></datafield><datafield ind1=" " ind2=" " tag="035"><subfield code="a">(NEBIS)005202212EBI01</subfield></datafield><datafield ind1=" " ind2=" " tag="035"><subfield code="a">(IDSBB)003943394DSV01</subfield></datafield><datafield ind1=" " ind2=" " tag="035"><subfield code="a">(EXLNZ-41SLSP_NETWORK)991147098659705501</subfield></datafield><datafield ind1=" " ind2=" " tag="040"><subfield code="a">RERO geulhg</subfield><subfield code="d">CH-ZuSLS</subfield></datafield><datafield ind1=" " ind2=" " tag="050"><subfield code="a">DA300</subfield><subfield code="b">.W58 2005</subfield></datafield><datafield ind1=" " ind2="7" tag="072"><subfield code="a">ht</subfield><subfield code="2">rero</subfield></datafield><datafield ind1=" " ind2="7" tag="072"><subfield code="a">ss</subfield><subfield code="2">rero</subfield></datafield><datafield ind1=" " ind2="7" tag="072"><subfield code="a">ng</subfield><subfield code="2">SzZuIDS BS/BE</subfield></datafield><datafield ind1=" " ind2="7" tag="072"><subfield code="a">po</subfield><subfield code="2">SzZuIDS BS/BE</subfield></datafield><datafield ind1="0" ind2="4" tag="082"><subfield code="a">306.2 0941 09031</subfield><subfield code="2">22</subfield></datafield><datafield ind1="0" ind2="4" tag="082"><subfield code="a">306.2/0941/09031</subfield><subfield code="2">22</subfield></datafield><datafield ind1="1" ind2="4" tag="082"><subfield code="a">320</subfield><subfield code="2">15</subfield></datafield><datafield ind1="1" ind2="4" tag="082"><subfield code="a">900</subfield><subfield code="2">15</subfield></datafield><datafield ind1=" " ind2=" " tag="084"><subfield code="a">NN 4040</subfield><subfield code="2">rvk</subfield></datafield><datafield ind1="1" ind2=" " tag="100"><subfield code="a">Withington, Phil J.</subfield><subfield code="0">(IDREF)092145345</subfield><subfield code="4">cre</subfield></datafield><datafield ind1="1" ind2="0" tag="245"><subfield code="a">&lt;&lt;The&gt;&gt; politics of commonwealth</subfield><subfield code="b">citizens and freemen in early modern England</subfield><subfield code="c">Phil Withington</subfield></datafield><datafield ind1=" " ind2="1" tag="264"><subfield code="a">Cambridge [etc.]</subfield><subfield code="b">Cambridge University Press</subfield><subfield code="c">2005</subfield></datafield><datafield ind1=" " ind2=" " tag="300"><subfield code="a">xiv, 298 p.</subfield><subfield code="b">maps, tables</subfield><subfield code="c">24 cm</subfield></datafield><datafield ind1=" " ind2=" " tag="336"><subfield code="b">txt</subfield><subfield code="2">rdacontent</subfield></datafield><datafield ind1=" " ind2=" " tag="337"><subfield code="b">n</subfield><subfield code="2">rdamedia</subfield></datafield><datafield ind1=" " ind2=" " tag="338"><subfield code="b">nc</subfield><subfield code="2">rdacarrier</subfield></datafield><datafield ind1="1" ind2=" " tag="490"><subfield code="a">Cambridge social and cultural histories</subfield><subfield code="v">4</subfield></datafield><datafield ind1=" " ind2=" " tag="504"><subfield code="a">Includes bibliographical references (p. 269-285) and index</subfield></datafield><datafield ind1=" " ind2=" " tag="504"><subfield code="a">Includes bibliographical references (p. 269-285) and index</subfield></datafield><datafield ind1=" " ind2="7" tag="648"><subfield code="a">Geschichte 1500-1700</subfield><subfield code="2">idszbz</subfield></datafield><datafield ind1=" " ind2="7" tag="648"><subfield code="a">Geschichte</subfield><subfield code="2">idszbz</subfield></datafield><datafield ind1=" " ind2="7" tag="650"><subfield code="a">Citoyenneté</subfield><subfield code="0">(IDREF)02934400X</subfield><subfield code="2">idref</subfield></datafield><datafield ind1=" " ind2="7" tag="650"><subfield code="a">Culture politique</subfield><subfield code="0">(IDREF)032001169</subfield><subfield code="2">idref</subfield></datafield><datafield ind1=" " ind2="7" tag="650"><subfield code="a">société urbaine</subfield><subfield code="0">(RERO)A009987564</subfield><subfield code="2">rerovoc</subfield></datafield><datafield ind1=" " ind2="7" tag="650"><subfield code="a">16e siècle-17e siècle</subfield><subfield code="2">idref</subfield></datafield><datafield ind1=" " ind2="7" tag="650"><subfield code="a">Partizipation</subfield><subfield code="2">idszbz</subfield></datafield><datafield ind1=" " ind2="7" tag="650"><subfield code="a">Politische Kultur</subfield><subfield code="2">idszbz</subfield></datafield><datafield ind1=" " ind2="7" tag="650"><subfield code="a">Stadt</subfield><subfield code="2">idszbz</subfield></datafield><datafield ind1=" " ind2="0" tag="650"><subfield code="a">Political participation</subfield><subfield code="z">England</subfield><subfield code="x">History</subfield><subfield code="y">16th century</subfield></datafield><datafield ind1=" " ind2="7" tag="650"><subfield code="a">Bürgerbeteiligung</subfield><subfield code="0">(DE-588)4008767-0</subfield><subfield code="2">gnd</subfield></datafield><datafield ind1=" " ind2="7" tag="650"><subfield code="a">Politische Kultur</subfield><subfield code="0">(DE-588)4046540-8</subfield><subfield code="2">gnd</subfield></datafield><datafield ind1=" " ind2="7" tag="650"><subfield code="a">Stadt</subfield><subfield code="0">(DE-588)4056723-0</subfield><subfield code="2">gnd</subfield></datafield><datafield ind1=" " ind2="0" tag="650"><subfield code="a">Citizenship</subfield><subfield code="z">England</subfield><subfield code="x">History</subfield><subfield code="y">16th century</subfield></datafield><datafield ind1=" " ind2="0" tag="650"><subfield code="a">Citizenship</subfield><subfield code="z">England</subfield><subfield code="x">History</subfield><subfield code="y">17th century</subfield></datafield><datafield ind1=" " ind2="0" tag="650"><subfield code="a">Political participation</subfield><subfield code="z">England</subfield><subfield code="x">History</subfield><subfield code="y">17th century</subfield></datafield><datafield ind1=" " ind2="7" tag="650"><subfield code="a">Bürger</subfield><subfield code="x">Stadt</subfield><subfield code="z">Grossbritannien</subfield><subfield code="y">Geschichte 17. Jh</subfield><subfield code="2">idsbb</subfield></datafield><datafield ind1=" " ind2="7" tag="650"><subfield code="a">Bürgerrecht</subfield><subfield code="z">Grossbritannien</subfield><subfield code="y">Geschichte 16. Jh</subfield><subfield code="2">idsbb</subfield></datafield><datafield ind1=" " ind2="7" tag="650"><subfield code="a">Bürgerrecht</subfield><subfield code="z">Grossbritannien</subfield><subfield code="y">Geschichte 17. Jh</subfield><subfield code="2">idsbb</subfield></datafield><datafield ind1=" " ind2="7" tag="650"><subfield code="a">Bürger</subfield><subfield code="x">Stadt</subfield><subfield code="z">Grossbritannien</subfield><subfield code="y">Geschichte 16. Jh</subfield><subfield code="2">idsbb</subfield></datafield><datafield ind1=" " ind2="7" tag="650"><subfield code="a">Stadt</subfield><subfield code="x">Bürger</subfield><subfield code="z">Grossbritannien</subfield><subfield code="y">Geschichte 16. Jh</subfield><subfield code="2">idsbb</subfield></datafield><datafield ind1=" " ind2="7" tag="650"><subfield code="a">Stadt</subfield><subfield code="x">Bürger</subfield><subfield code="z">Grossbritannien</subfield><subfield code="y">Geschichte 17. Jh</subfield><subfield code="2">idsbb</subfield></datafield><datafield ind1=" " ind2="7" tag="651"><subfield code="a">Angleterre (GB)</subfield><subfield code="0">(IDREF)02735895X</subfield><subfield code="2">idref</subfield></datafield><datafield ind1=" " ind2="7" tag="651"><subfield code="a">England</subfield><subfield code="2">idszbz</subfield></datafield><datafield ind1=" " ind2="7" tag="651"><subfield code="a">Großbritannien</subfield><subfield code="2">idszbz</subfield></datafield><datafield ind1=" " ind2="7" tag="651"><subfield code="a">Großbritannien</subfield><subfield code="0">(DE-588)4022153-2</subfield><subfield code="2">gnd</subfield></datafield><datafield ind1=" " ind2="0" tag="651"><subfield code="a">Great Britain</subfield><subfield code="x">Politics and government</subfield><subfield code="y">1485-1603</subfield></datafield><datafield ind1=" " ind2="0" tag="651"><subfield code="a">Great Britain</subfield><subfield code="x">Politics and government</subfield><subfield code="y">1603-1714</subfield></datafield><datafield ind1=" " ind2="7" tag="651"><subfield code="a">Grossbritannien</subfield><subfield code="x">Innenpolitik</subfield><subfield code="y">Geschichte 16. Jh</subfield><subfield code="2">idsbb</subfield></datafield><datafield ind1=" " ind2="7" tag="651"><subfield code="a">Grossbritannien</subfield><subfield code="x">Innenpolitik</subfield><subfield code="y">Geschichte 17. Jh</subfield><subfield code="2">idsbb</subfield></datafield><datafield ind1="4" ind2=" " tag="856"><subfield code="3">Inhaltsverzeichnis</subfield><subfield code="u">http://www.ub.unibas.ch/tox/HBZ/HT014761552/PDF</subfield><subfield code="q">pdf</subfield></datafield><datafield ind1="4" ind2=" " tag="856"><subfield code="z">Publisher description</subfield><subfield code="u">http://www.loc.gov/catdir/enhancements/fy0632/2004061491-d.html</subfield></datafield><datafield ind1=" " ind2="0" tag="830"><subfield code="a">Cambridge social and cultural histories</subfield><subfield code="v">4</subfield><subfield code="w">(NEBIS)004603018EBI01</subfield></datafield><datafield ind1=" " ind2="0" tag="830"><subfield code="a">Cambridge social and cultural histories</subfield><subfield code="v">4</subfield><subfield code="w">(IDSBB)003298662DSV01</subfield></datafield><datafield ind1=" " ind2=" " tag="900"><subfield code="a">IDSZ2zbzmon200609f</subfield><subfield code="c">IDSZ2eich</subfield><subfield code="d">IDSZ2zbzswk200609b</subfield><subfield code="e">IDSZ2brue</subfield></datafield><datafield ind1=" " ind2=" " tag="949"><subfield code="a">http://www.ub.unibas.ch/tox/HBZ/HT014761552/PDF</subfield></datafield><datafield ind1=" " ind2=" " tag="949"><subfield code="a">http://www.loc.gov/catdir/enhancements/fy0632/2004061491-d.html</subfield></datafield></record>
</metadata></record>