<record><header><identifier>oai:alma.41SLSP_UGE:991000786369705502</identifier><datestamp>2023-03-01T01:09:35Z</datestamp><setSpec>uge_bcen_RapidILL_BOOK</setSpec><setSpec>uge_aaca_RapidILL_BOOK</setSpec><setSpec>uge_abels_RapidILL_BOOK</setSpec><setSpec>uge_dbu_RapidILL_BOOK</setSpec><setSpec>uge_cmu_RapidILL_BOOK</setSpec><setSpec>uge_mail_RapidILL_BOOK</setSpec><setSpec>UNIGE_ALL</setSpec><setSpec>uge_abbat_RapidILL_BOOK</setSpec><setSpec>uge_aobs_RapidILL_BOOK</setSpec><setSpec>uge_acar_RapidILL_BOOK</setSpec></header><metadata>
<record xmlns="http://www.loc.gov/MARC21/slim" xmlns:xsi="http://www.w3.org/2001/XMLSchema-instance" xsi:schemaLocation="http://www.loc.gov/MARC21/slim http://www.loc.gov/standards/marcxml/schema/MARC21slim.xsd"><leader>02772nam a2200661 c 4500</leader><controlfield tag="001">991000786369705502</controlfield><controlfield tag="005">20211016224746.0</controlfield><controlfield tag="008">201011t19981998gw ||||| |||| 00| ||eng d</controlfield><datafield ind1=" " ind2=" " tag="020"><subfield code="a">3540639934</subfield></datafield><datafield ind1=" " ind2=" " tag="035"><subfield code="a">(swissbib)232358893-41slsp_network</subfield></datafield><datafield ind1=" " ind2=" " tag="035"><subfield code="a">232358893</subfield><subfield code="9">ExL</subfield></datafield><datafield ind1=" " ind2=" " tag="035"><subfield code="a">(RERO)R230812860-41slsp</subfield></datafield><datafield ind1=" " ind2=" " tag="035"><subfield code="a">(NEBIS)001916944EBI01</subfield></datafield><datafield ind1=" " ind2=" " tag="035"><subfield code="a">(EXLNZ-41SLSP_NETWORK)991133579779705501</subfield></datafield><datafield ind1=" " ind2=" " tag="040"><subfield code="a">RERO geucmu</subfield><subfield code="d">CH-ZuSLS</subfield></datafield><datafield ind1=" " ind2="7" tag="072"><subfield code="a">me</subfield><subfield code="2">rero</subfield></datafield><datafield ind1="0" ind2="0" tag="082"><subfield code="a">571.8/35 s</subfield><subfield code="a">616.8/0442</subfield><subfield code="2">21</subfield></datafield><datafield ind1="0" ind2="4" tag="082"><subfield code="a">571.8/35</subfield><subfield code="2">22</subfield></datafield><datafield ind1="0" ind2="4" tag="082"><subfield code="a">571.8 35 s</subfield><subfield code="2">21</subfield></datafield><datafield ind1="0" ind2="4" tag="082"><subfield code="a">616.80442</subfield><subfield code="2">21</subfield></datafield><datafield ind1="0" ind2="0" tag="245"><subfield code="a">Trinucleotide diseases and instability</subfield><subfield code="c">Ben A. Oostra (ed.)</subfield></datafield><datafield ind1=" " ind2="1" tag="264"><subfield code="a">Berlin</subfield><subfield code="b">Springer</subfield><subfield code="c">[1998]</subfield></datafield><datafield ind1=" " ind2="4" tag="264"><subfield code="c">© 1998</subfield></datafield><datafield ind1=" " ind2=" " tag="300"><subfield code="a">IX, 169 p.</subfield><subfield code="b">ill.</subfield><subfield code="c">25 cm</subfield></datafield><datafield ind1=" " ind2=" " tag="336"><subfield code="b">txt</subfield><subfield code="2">rdacontent</subfield></datafield><datafield ind1=" " ind2=" " tag="337"><subfield code="b">n</subfield><subfield code="2">rdamedia</subfield></datafield><datafield ind1=" " ind2=" " tag="338"><subfield code="b">nc</subfield><subfield code="2">rdacarrier</subfield></datafield><datafield ind1="1" ind2=" " tag="490"><subfield code="a">Results and problems in cell differentiation</subfield><subfield code="v">21</subfield></datafield><datafield ind1=" " ind2=" " tag="504"><subfield code="a">Literaturangaben</subfield></datafield><datafield ind1=" " ind2="2" tag="650"><subfield code="a">Chromosome Abnormalities</subfield></datafield><datafield ind1=" " ind2="2" tag="650"><subfield code="a">Trinucleotide Repeats</subfield></datafield><datafield ind1=" " ind2="2" tag="650"><subfield code="a">Nervous System Diseases</subfield><subfield code="x">genetics</subfield></datafield><datafield ind1=" " ind2="7" tag="650"><subfield code="a">Chromosomenaberration</subfield><subfield code="2">idszbz</subfield></datafield><datafield ind1=" " ind2="7" tag="650"><subfield code="a">Erbkrankheit</subfield><subfield code="2">idszbz</subfield></datafield><datafield ind1=" " ind2="7" tag="650"><subfield code="a">Neurologie</subfield><subfield code="2">idszbz</subfield></datafield><datafield ind1=" " ind2="7" tag="650"><subfield code="a">DNS-Sequenz</subfield><subfield code="0">(DE-588)4150352-1</subfield><subfield code="2">gnd</subfield></datafield><datafield ind1=" " ind2="7" tag="650"><subfield code="a">Fragiles-X-Syndrom</subfield><subfield code="0">(DE-588)4324268-6</subfield><subfield code="2">gnd</subfield></datafield><datafield ind1=" " ind2="7" tag="650"><subfield code="a">Huntington-Chorea</subfield><subfield code="0">(DE-588)4026223-6</subfield><subfield code="2">gnd</subfield></datafield><datafield ind1=" " ind2="7" tag="650"><subfield code="a">Molekulargenetik</subfield><subfield code="0">(DE-588)4039987-4</subfield><subfield code="2">gnd</subfield></datafield><datafield ind1=" " ind2="7" tag="650"><subfield code="a">Myotonische Dystrophie</subfield><subfield code="0">(DE-588)4170976-7</subfield><subfield code="2">gnd</subfield></datafield><datafield ind1=" " ind2="7" tag="650"><subfield code="a">Pathophysiologie</subfield><subfield code="0">(DE-588)4044898-8</subfield><subfield code="2">gnd</subfield></datafield><datafield ind1=" " ind2="7" tag="650"><subfield code="a">Repeats</subfield><subfield code="0">(DE-588)4358905-4</subfield><subfield code="2">gnd</subfield></datafield><datafield ind1=" " ind2="7" tag="650"><subfield code="a">Trinucleotide</subfield><subfield code="0">(DE-588)4595717-4</subfield><subfield code="2">gnd</subfield></datafield><datafield ind1=" " ind2="0" tag="650"><subfield code="a">Human chromosome abnormalities</subfield></datafield><datafield ind1=" " ind2="0" tag="650"><subfield code="a">Nervous system</subfield><subfield code="x">Diseases</subfield><subfield code="x">Genetic aspects</subfield></datafield><datafield ind1=" " ind2="0" tag="650"><subfield code="a">Neurogenetics</subfield></datafield><datafield ind1=" " ind2="7" tag="650"><subfield code="a">CHOREA HUNTINGTON + CHOREA MINOR (NEUROPATHOLOGIE)</subfield><subfield code="9">ger</subfield><subfield code="0">(ETHUDK)000037150</subfield><subfield code="2">ethudk</subfield></datafield><datafield ind1=" " ind2="7" tag="650"><subfield code="a">DEGENERATIVE MUSKELKRANKHEITEN + MUSKELATROPHIE + MUSKELDYSTROPHIE (PATHOLOGIE)</subfield><subfield code="9">ger</subfield><subfield code="0">(ETHUDK)000027336</subfield><subfield code="2">ethudk</subfield></datafield><datafield ind1=" " ind2="7" tag="650"><subfield code="a">DNA-STRUKTUR (NUKLEINSÄUREN)</subfield><subfield code="9">ger</subfield><subfield code="0">(ETHUDK)000022911</subfield><subfield code="2">ethudk</subfield></datafield><datafield ind1=" " ind2="7" tag="650"><subfield code="a">ERBKRANKHEITEN, GENETISCHE KRANKHEITEN (MEDIZIN)</subfield><subfield code="9">ger</subfield><subfield code="0">(ETHUDK)000027039</subfield><subfield code="2">ethudk</subfield></datafield><datafield ind1=" " ind2="7" tag="650"><subfield code="a">GENOMISCHE INSTABILITÄT (GENETIK)</subfield><subfield code="9">ger</subfield><subfield code="0">(ETHUDK)000059501</subfield><subfield code="2">ethudk</subfield></datafield><datafield ind1=" " ind2="7" tag="650"><subfield code="a">MEDIZINISCHE MOLEKULARGENETIK</subfield><subfield code="9">ger</subfield><subfield code="0">(ETHUDK)000046523</subfield><subfield code="2">ethudk</subfield></datafield><datafield ind1=" " ind2="7" tag="650"><subfield code="a">MUTATIONSANALYSE (MOLEKULARE GENETIK)</subfield><subfield code="9">ger</subfield><subfield code="0">(ETHUDK)000059198</subfield><subfield code="2">ethudk</subfield></datafield><datafield ind1=" " ind2="7" tag="650"><subfield code="a">NERVLICHE UND PSYCHIATRISCHE ERBKRANKHEITEN</subfield><subfield code="9">ger</subfield><subfield code="0">(ETHUDK)000056423</subfield><subfield code="2">ethudk</subfield></datafield><datafield ind1=" " ind2="7" tag="650"><subfield code="a">X-CHROMOSOMEN (CYTOLOGIE UND GENETIK)</subfield><subfield code="9">ger</subfield><subfield code="0">(ETHUDK)000021642</subfield><subfield code="2">ethudk</subfield></datafield><datafield ind1=" " ind2="7" tag="655"><subfield code="a">Aufsatzsammlung</subfield><subfield code="2">idszbz</subfield></datafield><datafield ind1="1" ind2=" " tag="700"><subfield code="a">Oostra, Ben A.</subfield><subfield code="d">1946-....</subfield><subfield code="0">(IDREF)251493148</subfield></datafield><datafield ind1=" " ind2="0" tag="830"><subfield code="a">Results and problems in cell differentiation</subfield><subfield code="v">21</subfield><subfield code="w">(NEBIS)000031575EBI01</subfield></datafield><datafield ind1=" " ind2=" " tag="900"><subfield code="a">REROnoselfmerge</subfield></datafield></record>
</metadata></record>