<record><header><identifier>oai:alma.41SLSP_UGE:991000786249705502</identifier><datestamp>2023-03-01T01:09:35Z</datestamp><setSpec>uge_bcen_RapidILL_BOOK</setSpec><setSpec>uge_aaca_RapidILL_BOOK</setSpec><setSpec>uge_abels_RapidILL_BOOK</setSpec><setSpec>uge_dbu_RapidILL_BOOK</setSpec><setSpec>uge_cmu_RapidILL_BOOK</setSpec><setSpec>uge_mail_RapidILL_BOOK</setSpec><setSpec>UNIGE_ALL</setSpec><setSpec>uge_abbat_RapidILL_BOOK</setSpec><setSpec>uge_acar_RapidILL_BOOK</setSpec><setSpec>uge_aobs_RapidILL_BOOK</setSpec></header><metadata>
<record xmlns="http://www.loc.gov/MARC21/slim" xmlns:xsi="http://www.w3.org/2001/XMLSchema-instance" xsi:schemaLocation="http://www.loc.gov/MARC21/slim http://www.loc.gov/standards/marcxml/schema/MARC21slim.xsd"><leader>02220nam a2200349 c 4500</leader><controlfield tag="001">991000786249705502</controlfield><controlfield tag="005">20230203201350.0</controlfield><controlfield tag="008">170713t2016    fr            00| | fre d</controlfield><datafield ind1=" " ind2=" " tag="020"><subfield code="a">9782200611897</subfield></datafield><datafield ind1="7" ind2=" " tag="024"><subfield code="a">http://catalogue.bnf.fr/ark:/12148/cb45125446c</subfield><subfield code="2">uri</subfield></datafield><datafield ind1=" " ind2=" " tag="035"><subfield code="a">(swissbib)124004865-41slsp_network</subfield></datafield><datafield ind1=" " ind2=" " tag="035"><subfield code="a">124004865</subfield><subfield code="9">ExL</subfield></datafield><datafield ind1=" " ind2=" " tag="035"><subfield code="a">(RERO)R008679198-41slsp</subfield></datafield><datafield ind1=" " ind2=" " tag="035"><subfield code="a">(EXLNZ-41SLSP_NETWORK)991091338829705501</subfield></datafield><datafield ind1=" " ind2=" " tag="040"><subfield code="a">RERO vshevs</subfield><subfield code="b">fre</subfield><subfield code="e">rda</subfield><subfield code="d">CH-ZuSLS</subfield></datafield><datafield ind1=" " ind2="7" tag="072"><subfield code="a">so</subfield><subfield code="2">rero</subfield></datafield><datafield ind1=" " ind2="7" tag="072"><subfield code="a">me</subfield><subfield code="2">rero</subfield></datafield><datafield ind1="7" ind2="4" tag="082"><subfield code="a">001</subfield><subfield code="2">23sdnb</subfield></datafield><datafield ind1="0" ind2="0" tag="245"><subfield code="a">&lt;&lt;Les&gt;&gt; recherches qualitatives en santé</subfield><subfield code="c">sous la direction de Joëlle Kivits [et 3 autres]</subfield></datafield><datafield ind1=" " ind2="1" tag="264"><subfield code="a">Malakoff</subfield><subfield code="b">Armand Colin</subfield><subfield code="c">[2016]</subfield></datafield><datafield ind1=" " ind2="4" tag="264"><subfield code="c">© 2016</subfield></datafield><datafield ind1=" " ind2=" " tag="300"><subfield code="a">329 pages</subfield></datafield><datafield ind1=" " ind2=" " tag="336"><subfield code="b">txt</subfield><subfield code="2">rdacontent</subfield></datafield><datafield ind1=" " ind2=" " tag="337"><subfield code="b">n</subfield><subfield code="2">rdamedia</subfield></datafield><datafield ind1=" " ind2=" " tag="338"><subfield code="b">nc</subfield><subfield code="2">rdacarrier</subfield></datafield><datafield ind1="0" ind2=" " tag="490"><subfield code="a">Collection U. Sciences humaines et sociales</subfield></datafield><datafield ind1="8" ind2=" " tag="520"><subfield code="a">&quot;Les recherches dans le domaine de la santé recourent de plus en plus fréquemment aux méthodes qualitatives, caractérisées par leur diversité : enquêtes anthropologiques à visée compréhensive, évaluations d'interventions ou encore recherches exploratoires en vue de la mise en place d'essais cliniques. Leur enseignement a donc un rôle essentiel à jouer dans le développement actuel de la recherche en santé. Ce manuel est à la fois théorique et pratique. Il rappelle l'ancrage historique et disciplinaire des recherches qualitatives en santé et présente ensuite les méthodes de recherche qualitative en exposant leurs fondements, leurs principes, leurs outils et pratiques appliqués à la santé. Il illustre la mise en oeuvre de ces méthodes à travers des exemples détaillés de recherches qualitatives en santé menées dans différents domaines et selon des approches variées. Il donne ainsi les moyens d'élaborer, selon son niveau, un travail de recherche qualitative.&quot;</subfield><subfield code="5">RERO/geheds 03/2017</subfield></datafield><datafield ind1=" " ind2="7" tag="650"><subfield code="a">Santé</subfield><subfield code="0">(IDREF)027411125</subfield><subfield code="2">idref</subfield></datafield><datafield ind1=" " ind2="7" tag="650"><subfield code="a">Recherche qualitative</subfield><subfield code="0">(IDREF)077318927</subfield><subfield code="2">idref</subfield></datafield><datafield ind1=" " ind2="7" tag="650"><subfield code="a">Méthodologie</subfield><subfield code="0">(IDREF)027239489</subfield><subfield code="2">idref</subfield></datafield><datafield ind1=" " ind2="7" tag="655"><subfield code="a">Manuels d'enseignement supérieur</subfield><subfield code="0">(IDREF)03020934X</subfield><subfield code="2">idref</subfield></datafield><datafield ind1="1" ind2=" " tag="700"><subfield code="a">Kivits, Joëlle</subfield><subfield code="d">1975-....</subfield><subfield code="0">(IDREF)194081303</subfield><subfield code="4">edt</subfield></datafield><datafield ind1=" " ind2=" " tag="900"><subfield code="a">REROnoselfmerge</subfield></datafield></record>
</metadata></record>