<record><header><identifier>oai:alma.41SLSP_UGE:991000786979705502</identifier><datestamp>2023-03-01T01:09:35Z</datestamp><setSpec>uge_bcen_RapidILL_BOOK</setSpec><setSpec>uge_aaca_RapidILL_BOOK</setSpec><setSpec>uge_abels_RapidILL_BOOK</setSpec><setSpec>uge_dbu_RapidILL_BOOK</setSpec><setSpec>uge_cmu_RapidILL_BOOK</setSpec><setSpec>uge_mail_RapidILL_BOOK</setSpec><setSpec>UNIGE_ALL</setSpec><setSpec>uge_abbat_RapidILL_BOOK</setSpec><setSpec>uge_acar_RapidILL_BOOK</setSpec><setSpec>uge_aobs_RapidILL_BOOK</setSpec></header><metadata>
<record xmlns="http://www.loc.gov/MARC21/slim" xmlns:xsi="http://www.w3.org/2001/XMLSchema-instance" xsi:schemaLocation="http://www.loc.gov/MARC21/slim http://www.loc.gov/standards/marcxml/schema/MARC21slim.xsd"><leader>00807nam a22002652c 4500</leader><controlfield tag="001">991000786979705502</controlfield><controlfield tag="005">20201227172331.0</controlfield><controlfield tag="008">160712s1941    ag ||||| |||| 00| ||spa d</controlfield><datafield ind1=" " ind2=" " tag="035"><subfield code="a">(swissbib)123065488-41slsp_network</subfield></datafield><datafield ind1=" " ind2=" " tag="035"><subfield code="a">123065488</subfield><subfield code="9">ExL</subfield></datafield><datafield ind1=" " ind2=" " tag="035"><subfield code="a">(RERO)R008469443-41slsp</subfield></datafield><datafield ind1=" " ind2=" " tag="035"><subfield code="a">(EXLNZ-41SLSP_NETWORK)991112683319705501</subfield></datafield><datafield ind1=" " ind2=" " tag="040"><subfield code="a">ZZAND</subfield><subfield code="d">CH-ZuSLS</subfield></datafield><datafield ind1=" " ind2="7" tag="072"><subfield code="a">hg</subfield><subfield code="2">rero</subfield></datafield><datafield ind1="0" ind2="4" tag="082"><subfield code="a">980.013</subfield><subfield code="b">A613</subfield><subfield code="2">20 ed</subfield></datafield><datafield ind1="1" ind2=" " tag="100"><subfield code="a">Arciniegas, Germán</subfield><subfield code="0">(RERO)A002936690</subfield><subfield code="4">cre</subfield></datafield><datafield ind1="1" ind2="0" tag="245"><subfield code="a">&lt;&lt;Los&gt;&gt; alemanes en la conquista de América</subfield><subfield code="c">Germán Arciniegas</subfield></datafield><datafield ind1=" " ind2="1" tag="264"><subfield code="a">Buenos Aires</subfield><subfield code="b">Editorial Losada</subfield><subfield code="c">1941</subfield></datafield><datafield ind1=" " ind2=" " tag="300"><subfield code="a">268 p.</subfield><subfield code="c">20 cm</subfield></datafield><datafield ind1=" " ind2=" " tag="336"><subfield code="b">txt</subfield><subfield code="2">rdacontent</subfield></datafield><datafield ind1=" " ind2=" " tag="337"><subfield code="b">n</subfield><subfield code="2">rdamedia</subfield></datafield><datafield ind1=" " ind2=" " tag="338"><subfield code="b">nc</subfield><subfield code="2">rdacarrier</subfield></datafield><datafield ind1="0" ind2=" " tag="490"><subfield code="a">Panoramas</subfield></datafield><datafield ind1=" " ind2=" " tag="504"><subfield code="a">Incluye bibliografía</subfield></datafield><datafield ind1=" " ind2=" " tag="900"><subfield code="a">REROnoselfmerge</subfield></datafield><datafield ind1=" " ind2=" " tag="910"><subfield code="a">OCoLC</subfield><subfield code="b">20160712</subfield><subfield code="c">Droits réservés</subfield></datafield></record>
</metadata></record>