<record><header><identifier>oai:alma.41SLSP_UGE:991000786359705502</identifier><datestamp>2023-03-01T01:09:35Z</datestamp><setSpec>uge_bcen_RapidILL_BOOK</setSpec><setSpec>uge_aaca_RapidILL_BOOK</setSpec><setSpec>uge_abels_RapidILL_BOOK</setSpec><setSpec>uge_dbu_RapidILL_BOOK</setSpec><setSpec>uge_cmu_RapidILL_BOOK</setSpec><setSpec>uge_mail_RapidILL_BOOK</setSpec><setSpec>UNIGE_ALL</setSpec><setSpec>uge_abbat_RapidILL_BOOK</setSpec><setSpec>uge_aobs_RapidILL_BOOK</setSpec><setSpec>uge_acar_RapidILL_BOOK</setSpec></header><metadata>
<record xmlns="http://www.loc.gov/MARC21/slim" xmlns:xsi="http://www.w3.org/2001/XMLSchema-instance" xsi:schemaLocation="http://www.loc.gov/MARC21/slim http://www.loc.gov/standards/marcxml/schema/MARC21slim.xsd"><leader>03417nam a22007812c 4500</leader><controlfield tag="001">991000786359705502</controlfield><controlfield tag="005">20211015190326.0</controlfield><controlfield tag="008">201012s1979    sz ||||| |||| 00| ||ger d</controlfield><datafield ind1=" " ind2=" " tag="035"><subfield code="a">(swissbib)241788501-41slsp_network</subfield></datafield><datafield ind1=" " ind2=" " tag="035"><subfield code="a">241788501</subfield><subfield code="9">ExL</subfield></datafield><datafield ind1=" " ind2=" " tag="035"><subfield code="a">(RERO)1809041-41slsp</subfield></datafield><datafield ind1=" " ind2=" " tag="035"><subfield code="a">(NEBIS)000170139EBI01</subfield></datafield><datafield ind1=" " ind2=" " tag="035"><subfield code="a">(IDSBB)000557533DSV01</subfield></datafield><datafield ind1=" " ind2=" " tag="035"><subfield code="a">(IDSLU)000380475ILU01</subfield></datafield><datafield ind1=" " ind2=" " tag="035"><subfield code="a">(NEBIS)007960417EBI01</subfield></datafield><datafield ind1=" " ind2=" " tag="035"><subfield code="a">(IDSSG)000204840HSB01</subfield></datafield><datafield ind1=" " ind2=" " tag="035"><subfield code="a">(EXLNZ-41SLSP_NETWORK)991022941519705501</subfield></datafield><datafield ind1=" " ind2=" " tag="040"><subfield code="a">RERO vsbcvs</subfield><subfield code="d">CH-ZuSLS</subfield></datafield><datafield ind1=" " ind2="7" tag="072"><subfield code="a">se</subfield><subfield code="2">rero</subfield></datafield><datafield ind1=" " ind2="7" tag="072"><subfield code="a">ht</subfield><subfield code="2">rero</subfield></datafield><datafield ind1=" " ind2="7" tag="072"><subfield code="a">ga</subfield><subfield code="2">SzZuIDS BS/BE</subfield></datafield><datafield ind1=" " ind2="7" tag="072"><subfield code="a">172</subfield><subfield code="2">IDS LU</subfield></datafield><datafield ind1="0" ind2="4" tag="082"><subfield code="a">609/.2</subfield><subfield code="2">22</subfield></datafield><datafield ind1="1" ind2="4" tag="082"><subfield code="a">900</subfield><subfield code="2">15</subfield></datafield><datafield ind1="1" ind2=" " tag="100"><subfield code="a">Boesch, Jakob</subfield><subfield code="d">19..-....</subfield><subfield code="0">(IDREF)251370925</subfield><subfield code="4">cre</subfield></datafield><datafield ind1="1" ind2="0" tag="245"><subfield code="a">Drei Schmidheiny</subfield><subfield code="b">Jacob Schmidheiny, Kantonsrat, 1838-1905 - Ernst Schmidheiny, Nationalrat, 1871-1935 - Jacob Schmidheiny, Oberst, 1875-1955</subfield><subfield code="c">[von Jakob Boesch, Hans Rudolf Schmid, Benedikt Fehr]</subfield></datafield><datafield ind1=" " ind2="1" tag="264"><subfield code="a">Zürich</subfield><subfield code="b">Verein für wirtschaftshistorische Studien</subfield><subfield code="c">1979</subfield></datafield><datafield ind1=" " ind2=" " tag="300"><subfield code="a">166 S.</subfield><subfield code="b">Ill.</subfield><subfield code="c">24 cm</subfield></datafield><datafield ind1=" " ind2=" " tag="336"><subfield code="b">txt</subfield><subfield code="2">rdacontent</subfield></datafield><datafield ind1=" " ind2=" " tag="337"><subfield code="b">n</subfield><subfield code="2">rdamedia</subfield></datafield><datafield ind1=" " ind2=" " tag="338"><subfield code="b">nc</subfield><subfield code="2">rdacarrier</subfield></datafield><datafield ind1="1" ind2=" " tag="490"><subfield code="a">Schweizer Pioniere der Wirtschaft und Technik</subfield><subfield code="v">32</subfield></datafield><datafield ind1="0" ind2="0" tag="505"><subfield code="t">Jacob Schmidheiny, Kantonsrat, 1838-1905</subfield><subfield code="r">[von Jakob Boesch]</subfield><subfield code="t">Ernst Schmidheiny, Nationalrat, 1871-1935</subfield><subfield code="r">[von Hans Rudolf Schmid]</subfield><subfield code="t">Jacob Schmidheiny, Oberst, 1875-1955</subfield><subfield code="r">[von Benedikt Fehr]</subfield></datafield><datafield ind1="3" ind2="7" tag="600"><subfield code="a">Schmidheiny</subfield><subfield code="c">Familie</subfield><subfield code="0">(DE-588)118805010</subfield><subfield code="2">gnd</subfield></datafield><datafield ind1=" " ind2="7" tag="648"><subfield code="a">Geschichte 1883-1955</subfield><subfield code="2">gnd</subfield></datafield><datafield ind1=" " ind2="7" tag="650"><subfield code="a">BIOGRAPHIEN (LEBEN UND WERK)</subfield><subfield code="9">ger</subfield><subfield code="0">(ETHUDK)000036789</subfield><subfield code="2">ethudk</subfield></datafield><datafield ind1=" " ind2="7" tag="650"><subfield code="a">SCHWEIZ (MITTELEUROPA). SCHWEIZERISCHE EIDGENOSSENSCHAFT</subfield><subfield code="9">ger</subfield><subfield code="0">(ETHUDK)000004571</subfield><subfield code="2">ethudk</subfield></datafield><datafield ind1=" " ind2="7" tag="650"><subfield code="a">TECHNIK UND INGENIEURWESEN</subfield><subfield code="9">ger</subfield><subfield code="0">(ETHUDK)000027548</subfield><subfield code="2">ethudk</subfield></datafield><datafield ind1=" " ind2="7" tag="650"><subfield code="a">WIRTSCHAFTSWISSENSCHAFTEN</subfield><subfield code="9">ger</subfield><subfield code="0">(ETHUDK)000010281</subfield><subfield code="2">ethudk</subfield></datafield><datafield ind1=" " ind2="7" tag="650"><subfield code="a">Bauindustrie</subfield><subfield code="0">(DE-588)4004811-1</subfield><subfield code="2">gnd</subfield></datafield><datafield ind1=" " ind2="7" tag="651"><subfield code="a">Schweiz</subfield><subfield code="0">(DE-588)4053881-3</subfield><subfield code="2">gnd</subfield></datafield><datafield ind1=" " ind2="7" tag="655"><subfield code="a">Biografie</subfield><subfield code="2">gnd-content</subfield></datafield><datafield ind1=" " ind2=" " tag="690"><subfield code="a">Schmidheiny, Ernst (1871-1935)</subfield><subfield code="2">uzb-Z9</subfield></datafield><datafield ind1=" " ind2=" " tag="690"><subfield code="a">Schmidheiny, Jacob (1838-1905)</subfield><subfield code="2">uzb-Z9</subfield></datafield><datafield ind1=" " ind2=" " tag="690"><subfield code="a">Schmidheiny, Jacob (1875-1955)</subfield><subfield code="2">uzb-Z9</subfield></datafield><datafield ind1=" " ind2=" " tag="690"><subfield code="a">Schmidheiny, Jacob (1838-1905), B: Biographie</subfield><subfield code="2">rzs-L1</subfield></datafield><datafield ind1=" " ind2=" " tag="690"><subfield code="a">Schmidheiny, Ernst, B: Biographie</subfield><subfield code="2">rzs-L1</subfield></datafield><datafield ind1=" " ind2=" " tag="690"><subfield code="a">Schmidheiny, Jacob (1875-1955), B: Biographie</subfield><subfield code="2">rzs-L1</subfield></datafield><datafield ind1=" " ind2=" " tag="690"><subfield code="a">Schweiz : Unternehmer : Geschichte 1838-1955 : Biographie</subfield><subfield code="2">uzb-UL</subfield></datafield><datafield ind1=" " ind2=" " tag="690"><subfield code="a">Bauwirtschaft</subfield><subfield code="2">uzb-UC</subfield></datafield><datafield ind1=" " ind2=" " tag="690"><subfield code="a">Unternehmen : Geschichte</subfield><subfield code="2">uzb-UC</subfield></datafield><datafield ind1=" " ind2=" " tag="690"><subfield code="a">Wirtschaft : Geschichte</subfield><subfield code="2">uzb-UC</subfield></datafield><datafield ind1=" " ind2=" " tag="690"><subfield code="a">Biographie</subfield><subfield code="2">uzb-UC</subfield></datafield><datafield ind1=" " ind2=" " tag="690"><subfield code="a">Unternehmer</subfield><subfield code="2">uzb-UC</subfield></datafield><datafield ind1=" " ind2=" " tag="690"><subfield code="a">Schweiz. Wirtschaft und Technik</subfield><subfield code="2">uzb-US</subfield></datafield><datafield ind1=" " ind2=" " tag="690"><subfield code="a">Elektrizität. Wirtschaft</subfield><subfield code="2">uzb-US</subfield></datafield><datafield ind1=" " ind2=" " tag="690"><subfield code="a">Ziegel. Typologie</subfield><subfield code="2">uzb-US</subfield></datafield><datafield ind1=" " ind2=" " tag="690"><subfield code="a">Beton</subfield><subfield code="2">uzb-US</subfield></datafield><datafield ind1="1" ind2=" " tag="700"><subfield code="a">Boesch, Jacob</subfield></datafield><datafield ind1="1" ind2=" " tag="700"><subfield code="a">Boesch, Jakob</subfield></datafield><datafield ind1="1" ind2="2" tag="700"><subfield code="a">Boesch, Jakob</subfield><subfield code="t">Jacob Schmidheiny, Kantonsrat, 1838-1905</subfield></datafield><datafield ind1="1" ind2="2" tag="700"><subfield code="a">Bösch, Jakob</subfield><subfield code="t">Jacob Schmidheiny, Kantonsrat, 1838-1905</subfield></datafield><datafield ind1="1" ind2="2" tag="700"><subfield code="a">Schmid, Hans Rudolf</subfield><subfield code="d">1902-1992</subfield><subfield code="t">Ernst Schmidheiny, Nationalrat, 1871-1935</subfield></datafield><datafield ind1="1" ind2="2" tag="700"><subfield code="a">Fehr, Benedikt</subfield><subfield code="t">Jacob Schmidheiny, Oberst, 1875-1955</subfield></datafield><datafield ind1="1" ind2=" " tag="700"><subfield code="a">Schmid, Hans Rudolf</subfield><subfield code="d">1902-1992</subfield><subfield code="0">(DE-588)1027618146</subfield></datafield><datafield ind1="1" ind2=" " tag="700"><subfield code="a">Fehr, Benedikt</subfield></datafield><datafield ind1=" " ind2=" " tag="830"><subfield code="a">Schweizer Pioniere der Wirtschaft und Technik</subfield><subfield code="v">32</subfield><subfield code="w">(IDSLU)000135429ILU01</subfield></datafield><datafield ind1=" " ind2=" " tag="900"><subfield code="a">REROnoselfmerge</subfield></datafield><datafield ind1=" " ind2=" " tag="900"><subfield code="a">IDSE5E86ANH-2007</subfield></datafield></record>
</metadata></record>