<record><header><identifier>oai:alma.41SLSP_UGE:991000786459705502</identifier><datestamp>2023-03-01T01:09:35Z</datestamp><setSpec>uge_bcen_RapidILL_BOOK</setSpec><setSpec>uge_aaca_RapidILL_BOOK</setSpec><setSpec>uge_abels_RapidILL_BOOK</setSpec><setSpec>uge_dbu_RapidILL_BOOK</setSpec><setSpec>uge_cmu_RapidILL_BOOK</setSpec><setSpec>uge_mail_RapidILL_BOOK</setSpec><setSpec>UNIGE_ALL</setSpec><setSpec>uge_abbat_RapidILL_BOOK</setSpec><setSpec>uge_aobs_RapidILL_BOOK</setSpec><setSpec>uge_acar_RapidILL_BOOK</setSpec></header><metadata>
<record xmlns="http://www.loc.gov/MARC21/slim" xmlns:xsi="http://www.w3.org/2001/XMLSchema-instance" xsi:schemaLocation="http://www.loc.gov/MARC21/slim http://www.loc.gov/standards/marcxml/schema/MARC21slim.xsd"><leader>01172naa a2200301 c 4500</leader><controlfield tag="001">991000786459705502</controlfield><controlfield tag="005">20211129210525.0</controlfield><controlfield tag="008">100716s1969    sz ||||| |||| 00| ||fre d</controlfield><datafield ind1=" " ind2=" " tag="035"><subfield code="a">(swissbib)110612361-41slsp_network</subfield></datafield><datafield ind1=" " ind2=" " tag="035"><subfield code="a">110612361</subfield><subfield code="9">ExL</subfield></datafield><datafield ind1=" " ind2=" " tag="035"><subfield code="a">(RERO)R005490402-41slsp</subfield></datafield><datafield ind1=" " ind2=" " tag="035"><subfield code="a">(EXLNZ-41SLSP_NETWORK)991020895379705501</subfield></datafield><datafield ind1=" " ind2=" " tag="040"><subfield code="a">RERO geussc</subfield><subfield code="d">CH-ZuSLS</subfield></datafield><datafield ind1=" " ind2=" " tag="044"><subfield code="a">sz</subfield><subfield code="c">ch-ge</subfield></datafield><datafield ind1=" " ind2="7" tag="072"><subfield code="a">bo</subfield><subfield code="2">rero</subfield></datafield><datafield ind1=" " ind2="7" tag="072"><subfield code="a">ch</subfield><subfield code="2">rero</subfield></datafield><datafield ind1="0" ind2="0" tag="245"><subfield code="a">Etude de quelques inhibiteurs de croissance de Schizosaccharomyces pombe Lindner</subfield><subfield code="c">par William H. Schopfer ... [et al.]</subfield></datafield><datafield ind1=" " ind2=" " tag="336"><subfield code="b">txt</subfield><subfield code="2">rdacontent</subfield></datafield><datafield ind1=" " ind2=" " tag="337"><subfield code="b">n</subfield><subfield code="2">rdamedia</subfield></datafield><datafield ind1=" " ind2=" " tag="338"><subfield code="b">nc</subfield><subfield code="2">rdacarrier</subfield></datafield><datafield ind1=" " ind2=" " tag="500"><subfield code="a">Texte en français avec résumé en anglais</subfield></datafield><datafield ind1=" " ind2=" " tag="508"><subfield code="a">Autres auteurs: Jacques Deshusses, Daisy Wustenfeld et Théodore Posternak</subfield></datafield><datafield ind1=" " ind2=" " tag="580"><subfield code="a">In: Archives des sciences. - Genève. - Vol. 22(1969), fasc. 3, p. 651-665</subfield></datafield><datafield ind1="1" ind2=" " tag="700"><subfield code="a">Schopfer, William Henri</subfield><subfield code="d">1900-1962</subfield><subfield code="0">(IDREF)128426977</subfield></datafield><datafield ind1="1" ind2=" " tag="700"><subfield code="a">Deshusses, Jacques</subfield><subfield code="0">(RERO)A003172332</subfield></datafield><datafield ind1="1" ind2=" " tag="700"><subfield code="a">Wustenfeld, Daisy</subfield><subfield code="0">(RERO)A017776126</subfield></datafield><datafield ind1="1" ind2=" " tag="700"><subfield code="a">Posternak, Théodore</subfield><subfield code="0">(RERO)A003707190</subfield></datafield><datafield ind1="0" ind2=" " tag="773"><subfield code="t">Archives des sciences</subfield><subfield code="g">1969/651</subfield><subfield code="g">yr:1969</subfield><subfield code="w">(RERO)0292427-41slsp</subfield></datafield><datafield ind1=" " ind2=" " tag="900"><subfield code="a">REROnoselfmerge</subfield></datafield></record>
</metadata></record>