<record><header><identifier>oai:alma.41SLSP_UGE:991000786599705502</identifier><datestamp>2023-06-20T00:24:31Z</datestamp><setSpec>uge_bcen_RapidILL_BOOK</setSpec><setSpec>uge_aaca_RapidILL_BOOK</setSpec><setSpec>uge_abels_RapidILL_BOOK</setSpec><setSpec>uge_dbu_RapidILL_BOOK</setSpec><setSpec>uge_cmu_RapidILL_BOOK</setSpec><setSpec>uge_mail_RapidILL_BOOK</setSpec><setSpec>uge_abbat_RapidILL_BOOK</setSpec><setSpec>UNIGE_ALL</setSpec><setSpec>uge_acar_RapidILL_BOOK</setSpec><setSpec>uge_aobs_RapidILL_BOOK</setSpec></header><metadata>
<record xmlns="http://www.loc.gov/MARC21/slim" xmlns:xsi="http://www.w3.org/2001/XMLSchema-instance" xsi:schemaLocation="http://www.loc.gov/MARC21/slim http://www.loc.gov/standards/marcxml/schema/MARC21slim.xsd"><leader>02084nam a22004812c 4500</leader><controlfield tag="001">991000786599705502</controlfield><controlfield tag="005">20230619204209.0</controlfield><controlfield tag="008">201012s2014    it ||||| |||| 00| ||ita d</controlfield><datafield ind1=" " ind2=" " tag="020"><subfield code="a">8862277202</subfield></datafield><datafield ind1=" " ind2=" " tag="020"><subfield code="a">9788862277204</subfield></datafield><datafield ind1=" " ind2=" " tag="035"><subfield code="a">(swissbib)241375878-41slsp_network</subfield></datafield><datafield ind1=" " ind2=" " tag="035"><subfield code="a">241375878</subfield><subfield code="9">ExL</subfield></datafield><datafield ind1=" " ind2=" " tag="035"><subfield code="a">(RERO)R007924845-41slsp</subfield></datafield><datafield ind1=" " ind2=" " tag="035"><subfield code="a">(IDSBB)006457178DSV01</subfield></datafield><datafield ind1=" " ind2=" " tag="035"><subfield code="a">(NEBIS)010483927EBI01</subfield></datafield><datafield ind1=" " ind2=" " tag="035"><subfield code="a">(EXLNZ-41SLSP_NETWORK)991131664139705501</subfield></datafield><datafield ind1=" " ind2=" " tag="040"><subfield code="a">WTU</subfield><subfield code="d">CH-ZuSLS</subfield></datafield><datafield ind1="1" ind2=" " tag="041"><subfield code="a">ita</subfield><subfield code="a">grc</subfield><subfield code="h">grc</subfield></datafield><datafield ind1="0" ind2="4" tag="050"><subfield code="a">PA4273.P184</subfield><subfield code="b">P44 2014</subfield></datafield><datafield ind1=" " ind2="7" tag="072"><subfield code="a">gr</subfield><subfield code="2">rero</subfield></datafield><datafield ind1=" " ind2="7" tag="072"><subfield code="a">kp</subfield><subfield code="2">SzZuIDS BS/BE</subfield></datafield><datafield ind1="1" ind2=" " tag="080"><subfield code="a">875PHILOXC1</subfield></datafield><datafield ind1="0" ind2=" " tag="100"><subfield code="a">Philoxenus</subfield><subfield code="c">de Cythera</subfield><subfield code="0">(RERO)A020124532</subfield><subfield code="4">cre</subfield></datafield><datafield ind1="1" ind2="0" tag="245"><subfield code="a">Philoxeni Cytherii testimonia et fragmenta</subfield><subfield code="c">collegit et edidit Adelaide Fongoni</subfield></datafield><datafield ind1="1" ind2=" " tag="246"><subfield code="a">Testimonia et fragmenta</subfield></datafield><datafield ind1=" " ind2="1" tag="264"><subfield code="a">Pisa</subfield><subfield code="b">Fabrizio Serra Editore</subfield><subfield code="c">2014</subfield></datafield><datafield ind1=" " ind2=" " tag="300"><subfield code="a">134 pages</subfield><subfield code="c">25 cm</subfield></datafield><datafield ind1=" " ind2=" " tag="336"><subfield code="b">txt</subfield><subfield code="2">rdacontent</subfield></datafield><datafield ind1=" " ind2=" " tag="337"><subfield code="b">n</subfield><subfield code="2">rdamedia</subfield></datafield><datafield ind1=" " ind2=" " tag="338"><subfield code="b">nc</subfield><subfield code="2">rdacarrier</subfield></datafield><datafield ind1="1" ind2=" " tag="490"><subfield code="a">Dithyrambographi graeci</subfield><subfield code="v">1</subfield></datafield><datafield ind1=" " ind2=" " tag="500"><subfield code="a">Einl. ital., griech.-ital. Paralleltext</subfield></datafield><datafield ind1=" " ind2=" " tag="504"><subfield code="a">Includes bibliographical references (pages [33]-38) and indexes.</subfield></datafield><datafield ind1="0" ind2=" " tag="505"><subfield code="a">Introduzione. Cronologia e vita ; Aforismi e proverbi ; Filosseno opsophagos ; Attività e innovazioni poetico-musicali ; Giudizi degli antichi e fortuna -- Librorum conspectus -- Siglorum explicato -- Testimonia vitae atque artis -- Philoxeni fragmenta -- Comparatio numerorum -- Commento ai frammenti</subfield></datafield><datafield ind1="0" ind2="0" tag="600"><subfield code="a">Philoxenus</subfield><subfield code="c">of Cythera</subfield><subfield code="d">approximately 435 B.C.-380 B.C</subfield></datafield><datafield ind1="0" ind2="0" tag="600"><subfield code="a">Philoxenus</subfield><subfield code="c">of Cythera</subfield><subfield code="d">approximately 435 B.C.-380 B.C.</subfield><subfield code="x">Criticism and interpretation</subfield></datafield><datafield ind1="0" ind2="7" tag="600"><subfield code="a">Philoxène</subfield><subfield code="c">(de Cythère)</subfield><subfield code="0">(RERO)A010131601</subfield><subfield code="2">rero</subfield></datafield><datafield ind1=" " ind2="0" tag="650"><subfield code="a">Dithyramb</subfield></datafield><datafield ind1=" " ind2="0" tag="650"><subfield code="a">Poets, Greek</subfield><subfield code="v">Biography</subfield></datafield><datafield ind1=" " ind2="7" tag="650"><subfield code="a">Fragment (littérature)</subfield><subfield code="0">(IDREF)035095687</subfield><subfield code="2">idref</subfield></datafield><datafield ind1=" " ind2="7" tag="650"><subfield code="a">Oeuvres perdues (littérature)</subfield><subfield code="0">(IDREF)029675499</subfield><subfield code="2">idref</subfield></datafield><datafield ind1=" " ind2="7" tag="655"><subfield code="a">Commentaire de texte</subfield><subfield code="0">(IDREF)027790681</subfield><subfield code="2">idref</subfield></datafield><datafield ind1="1" ind2=" " tag="700"><subfield code="a">Fongoni, Adelaide</subfield><subfield code="d">19..-....</subfield><subfield code="0">(IDREF)188599673</subfield></datafield><datafield ind1=" " ind2="0" tag="830"><subfield code="a">Dithyrambographi graeci</subfield><subfield code="v">1</subfield><subfield code="w">(IDSBB)006354114DSV01</subfield></datafield></record>
</metadata></record>