<record><header><identifier>oai:alma.41SLSP_UGE:991000786809705502</identifier><datestamp>2023-03-01T01:09:35Z</datestamp><setSpec>uge_bcen_RapidILL_BOOK</setSpec><setSpec>uge_aaca_RapidILL_BOOK</setSpec><setSpec>uge_abels_RapidILL_BOOK</setSpec><setSpec>uge_dbu_RapidILL_BOOK</setSpec><setSpec>uge_cmu_RapidILL_BOOK</setSpec><setSpec>uge_mail_RapidILL_BOOK</setSpec><setSpec>UNIGE_ALL</setSpec><setSpec>uge_abbat_RapidILL_BOOK</setSpec><setSpec>uge_aobs_RapidILL_BOOK</setSpec><setSpec>uge_acar_RapidILL_BOOK</setSpec></header><metadata>
<record xmlns="http://www.loc.gov/MARC21/slim" xmlns:xsi="http://www.w3.org/2001/XMLSchema-instance" xsi:schemaLocation="http://www.loc.gov/MARC21/slim http://www.loc.gov/standards/marcxml/schema/MARC21slim.xsd"><leader>01986nam a2200529 c 4500</leader><controlfield tag="001">991000786809705502</controlfield><controlfield tag="005">20230207212439.0</controlfield><controlfield tag="008">201011s2006    fr ||||| |||| 00| ||fre d</controlfield><datafield ind1=" " ind2=" " tag="020"><subfield code="a">9782251326610</subfield></datafield><datafield ind1=" " ind2=" " tag="020"><subfield code="a">2251326618</subfield></datafield><datafield ind1=" " ind2=" " tag="035"><subfield code="a">(swissbib)220004927-41slsp_network</subfield></datafield><datafield ind1=" " ind2=" " tag="035"><subfield code="a">220004927</subfield><subfield code="9">ExL</subfield></datafield><datafield ind1=" " ind2=" " tag="035"><subfield code="a">(RERO)R004294195-41slsp</subfield></datafield><datafield ind1=" " ind2=" " tag="035"><subfield code="a">(IDSBB)004098675DSV01</subfield></datafield><datafield ind1=" " ind2=" " tag="035"><subfield code="a">(NEBIS)009426165EBI01</subfield></datafield><datafield ind1=" " ind2=" " tag="035"><subfield code="a">(NEBIS)005321113EBI01</subfield></datafield><datafield ind1=" " ind2=" " tag="035"><subfield code="a">(EXLNZ-41SLSP_NETWORK)991157321149705501</subfield></datafield><datafield ind1=" " ind2=" " tag="040"><subfield code="a">RERO gevbpu</subfield><subfield code="d">CH-ZuSLS</subfield></datafield><datafield ind1=" " ind2="7" tag="072"><subfield code="a">la</subfield><subfield code="2">rero</subfield></datafield><datafield ind1=" " ind2="7" tag="072"><subfield code="a">kp</subfield><subfield code="2">SzZuIDS BS/BE</subfield></datafield><datafield ind1="1" ind2=" " tag="080"><subfield code="a">871FRONT8</subfield></datafield><datafield ind1="0" ind2="4" tag="082"><subfield code="a">809</subfield></datafield><datafield ind1="0" ind2="4" tag="082"><subfield code="a">878.0109</subfield></datafield><datafield ind1="1" ind2="4" tag="082"><subfield code="a">809</subfield><subfield code="2">1</subfield></datafield><datafield ind1=" " ind2=" " tag="084"><subfield code="a">FX 238205</subfield><subfield code="2">rvk</subfield></datafield><datafield ind1="1" ind2=" " tag="100"><subfield code="6">880-01</subfield><subfield code="a">Fleury, Pascale</subfield><subfield code="c">latiniste</subfield><subfield code="d">19..-....</subfield><subfield code="0">(IDREF)076156400</subfield><subfield code="4">cre</subfield></datafield><datafield ind1="1" ind2=" " tag="880"><subfield code="a">Fleury, Pascale</subfield><subfield code="0">(DE-588)143139312</subfield><subfield code="6">100-01</subfield></datafield><datafield ind1="1" ind2="0" tag="245"><subfield code="a">Lectures de Fronton</subfield><subfield code="b">un rhéteur latin à l'époque de la seconde sophistique</subfield><subfield code="c">par Pascale Fleury</subfield></datafield><datafield ind1=" " ind2="1" tag="264"><subfield code="a">Paris</subfield><subfield code="b">Les Belles Lettres</subfield><subfield code="c">2006</subfield></datafield><datafield ind1=" " ind2=" " tag="300"><subfield code="a">375 p.</subfield></datafield><datafield ind1=" " ind2=" " tag="336"><subfield code="b">txt</subfield><subfield code="2">rdacontent</subfield></datafield><datafield ind1=" " ind2=" " tag="337"><subfield code="b">n</subfield><subfield code="2">rdamedia</subfield></datafield><datafield ind1=" " ind2=" " tag="338"><subfield code="b">nc</subfield><subfield code="2">rdacarrier</subfield></datafield><datafield ind1="1" ind2=" " tag="490"><subfield code="a">Collection d'études anciennes. Série latine</subfield><subfield code="v">64</subfield></datafield><datafield ind1="1" ind2=" " tag="490"><subfield code="a">Collection d'études anciennes. Antiquité latine</subfield><subfield code="v">64</subfield></datafield><datafield ind1="1" ind2="7" tag="600"><subfield code="a">Fronton</subfield><subfield code="d">0100?-0175?</subfield><subfield code="0">(IDREF)029593840</subfield><subfield code="2">idref</subfield></datafield><datafield ind1="1" ind2="7" tag="600"><subfield code="a">Fronto, Marcus Cornelius</subfield><subfield code="2">idsbb</subfield></datafield><datafield ind1="1" ind2="7" tag="600"><subfield code="a">Fronto, Marcus Cornelius</subfield><subfield code="2">idszbz</subfield></datafield><datafield ind1="1" ind2="7" tag="600"><subfield code="a">Fronto, Marcus Cornelius</subfield><subfield code="d">100-170</subfield><subfield code="0">(DE-588)118536451</subfield><subfield code="2">gnd</subfield></datafield><datafield ind1="1" ind2="0" tag="600"><subfield code="a">Fronto, Marcus Cornelius</subfield><subfield code="x">Criticism and interpretation</subfield></datafield><datafield ind1=" " ind2="7" tag="650"><subfield code="a">Correspondance</subfield><subfield code="0">(IDREF)027490122</subfield><subfield code="2">idref</subfield></datafield><datafield ind1=" " ind2="7" tag="650"><subfield code="a">Brief</subfield><subfield code="0">(DE-588)4008240-4</subfield><subfield code="2">gnd</subfield></datafield><datafield ind1=" " ind2="7" tag="655"><subfield code="a">Biographie</subfield><subfield code="2">idszbz</subfield></datafield><datafield ind1=" " ind2=" " tag="830"><subfield code="a">Collection d'études anciennes</subfield><subfield code="p">Antiquité latine</subfield><subfield code="v">64</subfield><subfield code="w">(RERO)1097890-41slsp</subfield></datafield><datafield ind1=" " ind2=" " tag="830"><subfield code="a">Collection d'études anciennes</subfield><subfield code="v">64</subfield><subfield code="w">(NEBIS)001000911EBI01</subfield></datafield><datafield ind1=" " ind2=" " tag="830"><subfield code="a">Etudes anciennes</subfield><subfield code="v">64</subfield><subfield code="w">(NEBIS)001940285EBI01</subfield></datafield><datafield ind1=" " ind2=" " tag="900"><subfield code="a">REROnoselfmerge</subfield></datafield><datafield ind1=" " ind2=" " tag="900"><subfield code="a">IDSZ2zbzmon200704i</subfield><subfield code="c">IDSZ2kobe</subfield><subfield code="d">IDSZ2zbzswk200707b</subfield><subfield code="e">IDSZ2seid</subfield></datafield></record>
</metadata></record>