<record><header><identifier>oai:alma.41SLSP_UGE:991000786289705502</identifier><datestamp>2023-06-30T00:19:01Z</datestamp><setSpec>uge_bcen_RapidILL_BOOK</setSpec><setSpec>uge_aaca_RapidILL_BOOK</setSpec><setSpec>uge_abels_RapidILL_BOOK</setSpec><setSpec>uge_dbu_RapidILL_BOOK</setSpec><setSpec>uge_cmu_RapidILL_BOOK</setSpec><setSpec>uge_mail_RapidILL_BOOK</setSpec><setSpec>uge_abbat_RapidILL_BOOK</setSpec><setSpec>UNIGE_ALL</setSpec><setSpec>uge_acar_RapidILL_BOOK</setSpec><setSpec>uge_aobs_RapidILL_BOOK</setSpec></header><metadata>
<record xmlns="http://www.loc.gov/MARC21/slim" xmlns:xsi="http://www.w3.org/2001/XMLSchema-instance" xsi:schemaLocation="http://www.loc.gov/MARC21/slim http://www.loc.gov/standards/marcxml/schema/MARC21slim.xsd"><leader>01686nam a2200397 c 4500</leader><controlfield tag="001">991000786289705502</controlfield><controlfield tag="005">20230629191205.0</controlfield><controlfield tag="008">000717s1986    sz ||||| |||| 00| ||ger d</controlfield><datafield ind1=" " ind2=" " tag="020"><subfield code="z">3906257072</subfield></datafield><datafield ind1=" " ind2=" " tag="035"><subfield code="a">(swissbib)080941893-41slsp_network</subfield></datafield><datafield ind1=" " ind2=" " tag="035"><subfield code="a">080941893</subfield><subfield code="9">ExL</subfield></datafield><datafield ind1=" " ind2=" " tag="035"><subfield code="a">(RERO)0731576-41slsp</subfield></datafield><datafield ind1=" " ind2=" " tag="035"><subfield code="a">(EXLNZ-41SLSP_NETWORK)991071579489705501</subfield></datafield><datafield ind1=" " ind2=" " tag="040"><subfield code="a">RERO neubfd</subfield><subfield code="d">CH-ZuSLS</subfield></datafield><datafield ind1=" " ind2="7" tag="072"><subfield code="a">dr</subfield><subfield code="2">rero</subfield></datafield><datafield ind1=" " ind2=" " tag="084"><subfield code="a">CA/CH 55 b</subfield><subfield code="2">cjurrom</subfield></datafield><datafield ind1="1" ind2=" " tag="100"><subfield code="a">Bigler, Friedrich Walter</subfield><subfield code="0">(RERO)A003006399</subfield><subfield code="4">cre</subfield></datafield><datafield ind1="1" ind2="0" tag="245"><subfield code="a">Kommentar zum Arbeitsgesetz</subfield><subfield code="b">(Bundesgesetz über die Arbeit in Industrie, Gewerbe und Handel)</subfield><subfield code="c">von F. Walter Bigler</subfield></datafield><datafield ind1=" " ind2=" " tag="250"><subfield code="a">3., neu bearb. Aufl</subfield></datafield><datafield ind1=" " ind2="1" tag="264"><subfield code="a">Bern</subfield><subfield code="b">Schweizerischer Gewerkschaftsbund</subfield><subfield code="c">1986</subfield></datafield><datafield ind1=" " ind2=" " tag="300"><subfield code="a">222 S.</subfield><subfield code="c">23 cm</subfield></datafield><datafield ind1=" " ind2=" " tag="336"><subfield code="b">txt</subfield><subfield code="2">rdacontent</subfield></datafield><datafield ind1=" " ind2=" " tag="337"><subfield code="b">n</subfield><subfield code="2">rdamedia</subfield></datafield><datafield ind1=" " ind2=" " tag="338"><subfield code="b">nc</subfield><subfield code="2">rdacarrier</subfield></datafield><datafield ind1="1" ind2=" " tag="490"><subfield code="a">Schriftenreihe des Schweizerischen Gewerkschaftsbundes</subfield></datafield><datafield ind1=" " ind2=" " tag="504"><subfield code="a">Bibliogr.: S. 8-9</subfield></datafield><datafield ind1=" " ind2="7" tag="650"><subfield code="a">Arbeitsrecht</subfield><subfield code="9">ger</subfield><subfield code="0">(RERO)jurivoc000001686ger</subfield><subfield code="2">jurivoc</subfield></datafield><datafield ind1=" " ind2="7" tag="650"><subfield code="a">Bundesgesetz über die Arbeit in Industrie, Gewerbe und Handel</subfield><subfield code="9">ger</subfield><subfield code="0">(RERO)jurivoc000004772ger</subfield><subfield code="2">jurivoc</subfield></datafield><datafield ind1=" " ind2="7" tag="650"><subfield code="a">Droit du travail</subfield><subfield code="0">(IDREF)050573063</subfield><subfield code="2">idref</subfield></datafield><datafield ind1=" " ind2="7" tag="651"><subfield code="a">Schweiz</subfield><subfield code="9">ger</subfield><subfield code="0">(RERO)jurivoc000019912ger</subfield><subfield code="2">jurivoc</subfield></datafield><datafield ind1=" " ind2="7" tag="651"><subfield code="a">Suisse</subfield><subfield code="0">(IDREF)027249654</subfield><subfield code="2">idref</subfield></datafield><datafield ind1=" " ind2="7" tag="655"><subfield code="a">Textreproduktion</subfield><subfield code="9">ger</subfield><subfield code="2">jurivoc</subfield><subfield code="0">(RERO)jurivoc000022433ger</subfield></datafield><datafield ind1=" " ind2="7" tag="655"><subfield code="a">Kommentar(Werk)</subfield><subfield code="9">ger</subfield><subfield code="2">jurivoc</subfield><subfield code="0">(RERO)jurivoc000013038ger</subfield></datafield><datafield ind1=" " ind2="7" tag="655"><subfield code="a">Manuels d'enseignement</subfield><subfield code="0">(IDREF)027446514</subfield><subfield code="2">idref</subfield></datafield><datafield ind1="2" ind2=" " tag="710"><subfield code="a">Union syndicale suisse</subfield><subfield code="0">(RERO)A000165839</subfield></datafield><datafield ind1="1" ind2="2" tag="710"><subfield code="a">Suisse</subfield><subfield code="t">Lois et arrêtés</subfield><subfield code="d">1964</subfield></datafield><datafield ind1=" " ind2="0" tag="830"><subfield code="a">Schriftenreihe des Schweizerischen Gewerkschaftsbundes</subfield><subfield code="w">(RERO)0643523-41slsp</subfield></datafield></record>
</metadata></record>