<record><header><identifier>oai:alma.41SLSP_UGE:991000786919705502</identifier><datestamp>2023-04-02T00:11:30Z</datestamp><setSpec>uge_bcen_RapidILL_BOOK</setSpec><setSpec>uge_aaca_RapidILL_BOOK</setSpec><setSpec>uge_abels_RapidILL_BOOK</setSpec><setSpec>uge_dbu_RapidILL_BOOK</setSpec><setSpec>uge_cmu_RapidILL_BOOK</setSpec><setSpec>uge_mail_RapidILL_BOOK</setSpec><setSpec>uge_abbat_RapidILL_BOOK</setSpec><setSpec>UNIGE_ALL</setSpec><setSpec>uge_acar_RapidILL_BOOK</setSpec><setSpec>uge_aobs_RapidILL_BOOK</setSpec></header><metadata>
<record xmlns="http://www.loc.gov/MARC21/slim" xmlns:xsi="http://www.w3.org/2001/XMLSchema-instance" xsi:schemaLocation="http://www.loc.gov/MARC21/slim http://www.loc.gov/standards/marcxml/schema/MARC21slim.xsd"><leader>01884nam a2200433 c 4500</leader><controlfield tag="001">991000786919705502</controlfield><controlfield tag="005">20230401164148.0</controlfield><controlfield tag="008">201011s1991    ne ||||| |||| 00| ||eng d</controlfield><datafield ind1=" " ind2=" " tag="020"><subfield code="a">9072647165</subfield></datafield><datafield ind1=" " ind2=" " tag="035"><subfield code="a">(swissbib)219911940-41slsp_network</subfield></datafield><datafield ind1=" " ind2=" " tag="035"><subfield code="a">219911940</subfield><subfield code="9">ExL</subfield></datafield><datafield ind1=" " ind2=" " tag="035"><subfield code="a">(RERO)1690211-41slsp</subfield></datafield><datafield ind1=" " ind2=" " tag="035"><subfield code="a">(NEBIS)000655818EBI01</subfield></datafield><datafield ind1=" " ind2=" " tag="035"><subfield code="a">(EXLNZ-41SLSP_NETWORK)991013890659705501</subfield></datafield><datafield ind1=" " ind2=" " tag="040"><subfield code="a">RERO geucue</subfield><subfield code="d">CH-ZuSLS</subfield></datafield><datafield ind1=" " ind2="7" tag="072"><subfield code="a">in</subfield><subfield code="2">rero</subfield></datafield><datafield ind1=" " ind2="7" tag="072"><subfield code="a">ph</subfield><subfield code="2">rero</subfield></datafield><datafield ind1="1" ind2=" " tag="100"><subfield code="a">Aronsson, Stefan</subfield><subfield code="0">(RERO)A002940510</subfield><subfield code="4">cre</subfield></datafield><datafield ind1="1" ind2="0" tag="245"><subfield code="a">Learning from experiences with energy efficient lighting in commercial buildings</subfield><subfield code="c">by Stefan Aronsson and Per-Erik Nilsson</subfield></datafield><datafield ind1="1" ind2=" " tag="246"><subfield code="a">Energy efficient lighting in commercial buildings</subfield></datafield><datafield ind1=" " ind2="1" tag="264"><subfield code="a">Sittard</subfield><subfield code="b">CASU</subfield><subfield code="c">1991</subfield></datafield><datafield ind1=" " ind2=" " tag="300"><subfield code="a">VIII, 107 p.</subfield><subfield code="b">ill.</subfield><subfield code="c">25 cm</subfield></datafield><datafield ind1=" " ind2=" " tag="336"><subfield code="b">txt</subfield><subfield code="2">rdacontent</subfield></datafield><datafield ind1=" " ind2=" " tag="337"><subfield code="b">n</subfield><subfield code="2">rdamedia</subfield></datafield><datafield ind1=" " ind2=" " tag="338"><subfield code="b">nc</subfield><subfield code="2">rdacarrier</subfield></datafield><datafield ind1="1" ind2=" " tag="490"><subfield code="a">CADDET analyses series</subfield><subfield code="v">no. 6</subfield></datafield><datafield ind1=" " ind2=" " tag="500"><subfield code="a">Rückentitel: Energy efficient lighting in commercial buildings</subfield></datafield><datafield ind1=" " ind2="7" tag="650"><subfield code="a">Énergie</subfield><subfield code="0">(IDREF)027226271</subfield><subfield code="2">idref</subfield></datafield><datafield ind1=" " ind2="7" tag="650"><subfield code="a">utilisation optimale</subfield><subfield code="0">(RERO)A010035300</subfield><subfield code="2">rerovoc</subfield></datafield><datafield ind1=" " ind2="7" tag="650"><subfield code="a">Éclairage</subfield><subfield code="0">(IDREF)027391876</subfield><subfield code="2">idref</subfield></datafield><datafield ind1=" " ind2="7" tag="650"><subfield code="a">Économies d'énergie</subfield><subfield code="0">(IDREF)027710254</subfield><subfield code="2">idref</subfield></datafield><datafield ind1=" " ind2="7" tag="650"><subfield code="a">Constructions commerciales</subfield><subfield code="0">(IDREF)027807320</subfield><subfield code="2">idref</subfield></datafield><datafield ind1=" " ind2="7" tag="650"><subfield code="a">BELEUCHTUNGSTECHNIK</subfield><subfield code="9">ger</subfield><subfield code="0">(ETHUDK)000030440</subfield><subfield code="2">ethudk</subfield></datafield><datafield ind1=" " ind2="7" tag="650"><subfield code="a">ENERGIESPAREN IM BAUWESEN</subfield><subfield code="9">ger</subfield><subfield code="0">(ETHUDK)000057501</subfield><subfield code="2">ethudk</subfield></datafield><datafield ind1=" " ind2="7" tag="650"><subfield code="a">ENERGIESPARLAMPEN (ELEKTROTECHNIK)</subfield><subfield code="9">ger</subfield><subfield code="0">(ETHUDK)000045715</subfield><subfield code="2">ethudk</subfield></datafield><datafield ind1=" " ind2="7" tag="650"><subfield code="a">FLUORESZENZLAMPEN + LEUCHTSTOFFLAMPEN (ELEKTROTECHNIK)</subfield><subfield code="9">ger</subfield><subfield code="0">(ETHUDK)000028454</subfield><subfield code="2">ethudk</subfield></datafield><datafield ind1=" " ind2="7" tag="650"><subfield code="a">GESCHÄFTSGEBÄUDE + HANDELSBAUTEN (ARCHITEKTUR)</subfield><subfield code="9">ger</subfield><subfield code="0">(ETHUDK)000035560</subfield><subfield code="2">ethudk</subfield></datafield><datafield ind1="1" ind2=" " tag="700"><subfield code="a">Nilsson, Per-Erik</subfield><subfield code="d">1981-...</subfield><subfield code="0">(IDREF)223880736</subfield></datafield><datafield ind1=" " ind2=" " tag="830"><subfield code="a">CADDET analyses series</subfield><subfield code="v">6</subfield><subfield code="w">(RERO)1464940-41slsp</subfield></datafield><datafield ind1=" " ind2=" " tag="900"><subfield code="a">REROnoselfmerge</subfield></datafield></record>
</metadata></record>