<record><header><identifier>oai:alma.41SLSP_UGE:991000786399705502</identifier><datestamp>2024-03-22T01:20:54Z</datestamp><setSpec>uge_bcen_RapidILL_BOOK</setSpec><setSpec>uge_aaca_RapidILL_BOOK</setSpec><setSpec>uge_abels_RapidILL_BOOK</setSpec><setSpec>uge_dbu_RapidILL_BOOK</setSpec><setSpec>uge_cmu_RapidILL_BOOK</setSpec><setSpec>uge_mail_RapidILL_BOOK</setSpec><setSpec>uge_abbat_RapidILL_BOOK</setSpec><setSpec>UNIGE_ALL</setSpec><setSpec>uge_aobs_RapidILL_BOOK</setSpec><setSpec>uge_acar_RapidILL_BOOK</setSpec></header><metadata>
<record xmlns="http://www.loc.gov/MARC21/slim" xmlns:xsi="http://www.w3.org/2001/XMLSchema-instance" xsi:schemaLocation="http://www.loc.gov/MARC21/slim http://www.loc.gov/standards/marcxml/schema/MARC21slim.xsd"><leader>03867nam a22004332c 4500</leader><controlfield tag="001">991000786399705502</controlfield><controlfield tag="005">20240321233655.0</controlfield><controlfield tag="008">180316s1708    gw ||||| |||| 00| ||ger d</controlfield><datafield ind1=" " ind2=" " tag="035"><subfield code="a">(swissbib)12464371X-41slsp_network</subfield></datafield><datafield ind1=" " ind2=" " tag="035"><subfield code="a">12464371X</subfield><subfield code="9">ExL</subfield></datafield><datafield ind1=" " ind2=" " tag="035"><subfield code="a">(RERO)R008776933-41slsp</subfield></datafield><datafield ind1=" " ind2=" " tag="035"><subfield code="a">(EXLNZ-41SLSP_NETWORK)991003122569705501</subfield></datafield><datafield ind1=" " ind2=" " tag="040"><subfield code="a">BHA</subfield><subfield code="b">eng</subfield><subfield code="d">CH-ZuSLS</subfield></datafield><datafield ind1="0" ind2=" " tag="041"><subfield code="a">ger</subfield><subfield code="a">lat</subfield></datafield><datafield ind1=" " ind2="7" tag="072"><subfield code="a">dr</subfield><subfield code="2">rero</subfield></datafield><datafield ind1="0" ind2="0" tag="245"><subfield code="a">Acta publica, samt einer gründlichen Deduction derer Evangel. Schlesier Religions-Freyheit</subfield><subfield code="b">worinnen alle diejenigen Schrifften, welche bey dem Schlesischen Religions-Werck, sowohl von der käyserl. hochansehnlichen Executions-Commission zu Bresslau als auch dem Königlichen Schwedischen Plenipotenario und anderen heraus gekommen, auch seithero an. 1707 biss ult. April. 1708. hin und wieder gedruckt, anjetzo aber zusammen gebracht worden, allermassen solche auff nebenstehendem Blat specificirt zubefinden</subfield></datafield><datafield ind1=" " ind2="1" tag="264"><subfield code="a">In denen Franckfurther und Leipziger Messen zu bekommen</subfield><subfield code="b">[éditeur non identifié]</subfield><subfield code="c">1708</subfield></datafield><datafield ind1=" " ind2=" " tag="300"><subfield code="a">1 vol.</subfield><subfield code="c">2° (35 cm)</subfield></datafield><datafield ind1=" " ind2=" " tag="336"><subfield code="b">txt</subfield><subfield code="2">rdacontent</subfield></datafield><datafield ind1=" " ind2=" " tag="337"><subfield code="b">n</subfield><subfield code="2">rdamedia</subfield></datafield><datafield ind1=" " ind2=" " tag="338"><subfield code="b">nc</subfield><subfield code="2">rdacarrier</subfield></datafield><datafield ind1=" " ind2=" " tag="500"><subfield code="a">Chaque partie avec p. de titre et pagination propre</subfield></datafield><datafield ind1="0" ind2=" " tag="505"><subfield code="a">April 1708 -- Gründliche Machricht von derer Evangelischen Schlesier-Andacht ... Martij. 1708 -- Die von Ihro Röm Käyserl. ... Josepho I an die Religions Commission fernerweitige Erklärungen ... April 1708 -- Fernerweite und bründliche Deduction ... 1708 -- Gegen-Antwort Ihro Excellence des ... Herrn Baron von Stralenheims .. Januar. 1708 -- Poetische Bedancken uber das grosse Luther-Fest in Schlesien ... 1708 -- ... Josephi I Neu aufgerichtete Academie, oder Ritter-Schl zu Liegniss in Schlesien ... 1708</subfield></datafield><datafield ind1="0" ind2=" " tag="505"><subfield code="a">Der Evangelischen Schlesier -- Allerunterthänigste memoralia ... Freyburg 1707 -- Derer Evangelischen Schlesier Religions-Freyheit .. August 1707 -- Zusatz an die neulichst ans Licht gekommene Religions-Freyheit ... Octobr. 1707 -- Die von Thro Röm. Käyserl. ... Sept. 1707 -- Der Ossnabrückische Friedens-Schluss ... Octobr. 1707 -- Der Vragische Neben-Recess ... 1708 -- Schreiben ... zur Execution der zwischen Ihro Röm. Käserl. und Kön. Mai. in Schweden ... wegen des freyen Religions-Exercitii in Schlesien ... Novembr. 1707 -- Von Ihro Röm. Käyserl. auch zu Hungarn ... 1707 -- Einige Historische Nachricht von dem Zustand der Religion in Schlesien ... 1707 -- Einige gantz neue Religions Gravamina ... 1708 -- Einige und an den Magistrat der Stadt Bresslau ... 1707 -- Derer von Ihro Röm Käyserlichen auch zu Hungarn und Böhmen ... Commissarien ertheilte Antwort ... 1708 -- Ihro Excellentzien ... Commissarien gegen-Antwort Schreiben ... Februar. 1708 -- Der Evangelisch-Reformirten Jura ... 1708 -- Endliche Erklärung ... Marti 1708 -- Unterhänigstes Memorial .</subfield></datafield><datafield ind1="4" ind2=" " tag="510"><subfield code="a">VD18 1022064X</subfield></datafield><datafield ind1="0" ind2="0" tag="600"><subfield code="a">Charles</subfield><subfield code="b">XII</subfield><subfield code="c">King of Sweden</subfield><subfield code="d">1682-1718</subfield></datafield><datafield ind1="1" ind2="0" tag="600"><subfield code="a">Strahlenheim, Henning</subfield><subfield code="d">-1731</subfield></datafield><datafield ind1="2" ind2="0" tag="610"><subfield code="a">Catholic Church</subfield><subfield code="x">Relations</subfield><subfield code="z">Silesia</subfield><subfield code="x">Protestant churches</subfield></datafield><datafield ind1=" " ind2="0" tag="650"><subfield code="a">Freedom of religion</subfield><subfield code="z">Silesia</subfield><subfield code="x">History</subfield><subfield code="v">Sources</subfield></datafield><datafield ind1=" " ind2="0" tag="650"><subfield code="a">Protestant churches</subfield><subfield code="z">Silesia</subfield></datafield><datafield ind1=" " ind2="0" tag="650"><subfield code="a">Protestant churches</subfield><subfield code="z">Silesia</subfield><subfield code="x">Relations</subfield><subfield code="x">Catholic Church</subfield></datafield><datafield ind1=" " ind2="0" tag="650"><subfield code="a">Religious tolerance</subfield><subfield code="z">Silesia</subfield></datafield><datafield ind1=" " ind2="0" tag="651"><subfield code="a">Holy Roman Empire</subfield><subfield code="x">Relations</subfield><subfield code="z">Sweden</subfield></datafield><datafield ind1=" " ind2="0" tag="651"><subfield code="a">Silesia</subfield><subfield code="x">Church history</subfield><subfield code="v">Sources</subfield></datafield><datafield ind1=" " ind2="0" tag="651"><subfield code="a">Silesia</subfield><subfield code="x">Relations</subfield><subfield code="z">Sweden</subfield></datafield><datafield ind1=" " ind2="0" tag="651"><subfield code="a">Sweden</subfield><subfield code="x">Relations</subfield><subfield code="z">Holy Roman Empire</subfield></datafield><datafield ind1=" " ind2="0" tag="651"><subfield code="a">Sweden</subfield><subfield code="x">Relations</subfield><subfield code="z">Silesia</subfield></datafield><datafield ind1="4" ind2="1" tag="856"><subfield code="u">http://www.mdz-nbn-resolving.de/urn/resolver.pl?urn=urn:nbn:de:bvb:12-bsb11202858-3</subfield><subfield code="z">kostenfrei</subfield><subfield code="3">Volltext // 2016 digitalisiert von: Bayerische Staatsbibliothek, München. Exemplar mit der Signatur: Augsburg, Staats- und Stadtbibliothek -- 2 Stw 277#(Beibd.</subfield></datafield><datafield ind1=" " ind2=" " tag="900"><subfield code="a">REROswissbibnomerge</subfield></datafield><datafield ind1=" " ind2=" " tag="910"><subfield code="a">OCoLC</subfield><subfield code="b">20180316</subfield><subfield code="c">Droits réservés</subfield></datafield><datafield ind1=" " ind2=" " tag="993"><subfield code="a">MHR Na 15</subfield><subfield code="x">ge/mhr-/6700</subfield><subfield code="9">LOCAL</subfield></datafield></record>
</metadata></record>