<record><header><identifier>oai:alma.41SLSP_UGE:991000785979705502</identifier><datestamp>2024-01-13T01:23:11Z</datestamp><setSpec>uge_bcen_RapidILL_BOOK</setSpec><setSpec>uge_aaca_RapidILL_BOOK</setSpec><setSpec>uge_abels_RapidILL_BOOK</setSpec><setSpec>uge_dbu_RapidILL_BOOK</setSpec><setSpec>uge_cmu_RapidILL_BOOK</setSpec><setSpec>uge_mail_RapidILL_BOOK</setSpec><setSpec>uge_abbat_RapidILL_BOOK</setSpec><setSpec>UNIGE_ALL</setSpec><setSpec>uge_acar_RapidILL_BOOK</setSpec><setSpec>uge_aobs_RapidILL_BOOK</setSpec></header><metadata>
<record xmlns="http://www.loc.gov/MARC21/slim" xmlns:xsi="http://www.w3.org/2001/XMLSchema-instance" xsi:schemaLocation="http://www.loc.gov/MARC21/slim http://www.loc.gov/standards/marcxml/schema/MARC21slim.xsd"><leader>01422nam a2200397 c 4500</leader><controlfield tag="001">991000785979705502</controlfield><controlfield tag="005">20230207214815.0</controlfield><controlfield tag="008">201012s1987    nz ||||| |||| 00| ||fre d</controlfield><datafield ind1=" " ind2=" " tag="020"><subfield code="a">2704210063</subfield><subfield code="q">France</subfield></datafield><datafield ind1=" " ind2=" " tag="020"><subfield code="a">0070827702</subfield><subfield code="q">Canada</subfield></datafield><datafield ind1=" " ind2=" " tag="035"><subfield code="a">(swissbib)239467795-41slsp_network</subfield></datafield><datafield ind1=" " ind2=" " tag="035"><subfield code="a">239467795</subfield><subfield code="9">ExL</subfield></datafield><datafield ind1=" " ind2=" " tag="035"><subfield code="a">(RERO)R242767060-41slsp</subfield></datafield><datafield ind1=" " ind2=" " tag="035"><subfield code="a">(NEBIS)001820113EBI01</subfield></datafield><datafield ind1=" " ind2=" " tag="035"><subfield code="a">(EXLNZ-41SLSP_NETWORK)991036928199705501</subfield></datafield><datafield ind1=" " ind2=" " tag="040"><subfield code="a">RERO geussp</subfield><subfield code="d">CH-ZuSLS</subfield></datafield><datafield ind1="1" ind2=" " tag="041"><subfield code="a">fre</subfield><subfield code="h">eng</subfield></datafield><datafield ind1=" " ind2="7" tag="072"><subfield code="a">py</subfield><subfield code="2">rero</subfield></datafield><datafield ind1="1" ind2=" " tag="100"><subfield code="a">Schaum, Daniel</subfield><subfield code="d">1913-2008</subfield><subfield code="0">(IDREF)074313851</subfield><subfield code="4">cre</subfield></datafield><datafield ind1="1" ind2="0" tag="245"><subfield code="a">Physique générale</subfield><subfield code="b">théorie et problèmes</subfield><subfield code="c">Daniel Schaum, C.W. Van der Merwe ; trad. et adapté par James Malebranche</subfield></datafield><datafield ind1=" " ind2=" " tag="250"><subfield code="a">7ème tirage</subfield></datafield><datafield ind1=" " ind2="1" tag="264"><subfield code="a">Auckland [etc.]</subfield><subfield code="b">McGraw-Hill</subfield><subfield code="c">1987</subfield></datafield><datafield ind1=" " ind2=" " tag="300"><subfield code="a">VI, 295 p.</subfield><subfield code="b">ill.</subfield><subfield code="c">27 cm</subfield></datafield><datafield ind1=" " ind2=" " tag="336"><subfield code="b">txt</subfield><subfield code="2">rdacontent</subfield></datafield><datafield ind1=" " ind2=" " tag="337"><subfield code="b">n</subfield><subfield code="2">rdamedia</subfield></datafield><datafield ind1=" " ind2=" " tag="338"><subfield code="b">nc</subfield><subfield code="2">rdacarrier</subfield></datafield><datafield ind1="1" ind2=" " tag="490"><subfield code="a">Série Schaum</subfield></datafield><datafield ind1=" " ind2=" " tag="500"><subfield code="a">La couv. porte en plus : 620 problèmes résolus et plus de 845 problèmes supplémentaires</subfield></datafield><datafield ind1=" " ind2=" " tag="500"><subfield code="a">Originaltitel: College physics</subfield></datafield><datafield ind1=" " ind2="7" tag="650"><subfield code="a">Physique</subfield><subfield code="0">(IDREF)027247015</subfield><subfield code="2">idref</subfield></datafield><datafield ind1=" " ind2="7" tag="655"><subfield code="a">Manuels d'enseignement</subfield><subfield code="0">(IDREF)027446514</subfield><subfield code="2">idref</subfield></datafield><datafield ind1="1" ind2=" " tag="700"><subfield code="a">Merwe, Carel W. van der</subfield></datafield><datafield ind1="1" ind2=" " tag="700"><subfield code="a">Van Der Merwe, Carel William</subfield><subfield code="d">19..-....</subfield><subfield code="0">(IDREF)10360460X</subfield></datafield><datafield ind1="1" ind2=" " tag="700"><subfield code="a">Malebranche, James</subfield><subfield code="d">19..-....</subfield><subfield code="0">(IDREF)103604731</subfield></datafield><datafield ind1=" " ind2="0" tag="830"><subfield code="a">Série Schaum</subfield><subfield code="w">(RERO)0338252-41slsp</subfield></datafield><datafield ind1=" " ind2=" " tag="900"><subfield code="a">REROnoselfmerge</subfield></datafield><datafield ind1=" " ind2=" " tag="900"><subfield code="a">IDSE1N25</subfield></datafield></record>
</metadata></record>