<record><header><identifier>oai:alma.41SLSP_UGE:991000800159705502</identifier><datestamp>2023-03-01T01:09:36Z</datestamp><setSpec>uge_bcen_RapidILL_BOOK</setSpec><setSpec>uge_aaca_RapidILL_BOOK</setSpec><setSpec>uge_abels_RapidILL_BOOK</setSpec><setSpec>uge_dbu_RapidILL_BOOK</setSpec><setSpec>uge_cmu_RapidILL_BOOK</setSpec><setSpec>uge_mail_RapidILL_BOOK</setSpec><setSpec>UNIGE_ALL</setSpec><setSpec>uge_abbat_RapidILL_BOOK</setSpec><setSpec>uge_aobs_RapidILL_BOOK</setSpec><setSpec>uge_acar_RapidILL_BOOK</setSpec></header><metadata>
<record xmlns="http://www.loc.gov/MARC21/slim" xmlns:xsi="http://www.w3.org/2001/XMLSchema-instance" xsi:schemaLocation="http://www.loc.gov/MARC21/slim http://www.loc.gov/standards/marcxml/schema/MARC21slim.xsd"><leader>01135nam a22003612c 4500</leader><controlfield tag="001">991000800159705502</controlfield><controlfield tag="005">20201231134103.0</controlfield><controlfield tag="008">201012s1980    xxu           00| | eng d</controlfield><datafield ind1=" " ind2=" " tag="020"><subfield code="a">0192875191</subfield></datafield><datafield ind1=" " ind2=" " tag="020"><subfield code="a">0192875183</subfield></datafield><datafield ind1=" " ind2=" " tag="035"><subfield code="a">(swissbib)237673878-41slsp_network</subfield></datafield><datafield ind1=" " ind2=" " tag="035"><subfield code="a">237673878</subfield><subfield code="9">ExL</subfield></datafield><datafield ind1=" " ind2=" " tag="035"><subfield code="a">(IDSBB)005011278DSV01</subfield></datafield><datafield ind1=" " ind2=" " tag="035"><subfield code="a">(RERO)0664072-41slsp</subfield></datafield><datafield ind1=" " ind2=" " tag="035"><subfield code="a">(NEBIS)002608250EBI01</subfield></datafield><datafield ind1=" " ind2=" " tag="035"><subfield code="a">(EXLNZ-41SLSP_NETWORK)991155004229705501</subfield></datafield><datafield ind1=" " ind2=" " tag="040"><subfield code="a">SzZuIDS NEBIS SOZARCH</subfield><subfield code="e">kids</subfield><subfield code="d">CH-ZuSLS</subfield></datafield><datafield ind1=" " ind2="7" tag="072"><subfield code="a">an</subfield><subfield code="2">rero</subfield></datafield><datafield ind1="1" ind2=" " tag="080"><subfield code="a">820&quot;16/17&quot;BURK8</subfield></datafield><datafield ind1="1" ind2=" " tag="100"><subfield code="a">Macpherson, Crawford B.</subfield><subfield code="d">1911-1987</subfield><subfield code="0">(DE-588)118993836</subfield></datafield><datafield ind1="1" ind2="0" tag="245"><subfield code="a">Burke</subfield><subfield code="c">C. B. Macpherson</subfield></datafield><datafield ind1=" " ind2="1" tag="264"><subfield code="a">Oxford</subfield><subfield code="b">Oxford University Press</subfield><subfield code="c">1980</subfield></datafield><datafield ind1=" " ind2=" " tag="300"><subfield code="a">83 S.</subfield><subfield code="c">19 cm</subfield></datafield><datafield ind1=" " ind2=" " tag="336"><subfield code="b">txt</subfield><subfield code="2">rdacontent</subfield></datafield><datafield ind1=" " ind2=" " tag="337"><subfield code="b">n</subfield><subfield code="2">rdamedia</subfield></datafield><datafield ind1=" " ind2=" " tag="338"><subfield code="b">nc</subfield><subfield code="2">rdacarrier</subfield></datafield><datafield ind1="0" ind2=" " tag="490"><subfield code="a">Oxford paperbacks</subfield></datafield><datafield ind1="1" ind2=" " tag="490"><subfield code="a">Past masters</subfield></datafield><datafield ind1="1" ind2="7" tag="600"><subfield code="a">Burke, Edmund</subfield><subfield code="d">1729-1797</subfield><subfield code="0">(IDREF)026759535</subfield><subfield code="2">idref</subfield></datafield><datafield ind1=" " ind2=" " tag="690"><subfield code="a">Burke, Edmund</subfield><subfield code="2">uzb-Z9</subfield></datafield><datafield ind1="1" ind2=" " tag="700"><subfield code="a">Macpherson, Crawford Brough</subfield><subfield code="0">(RERO)A003547709</subfield><subfield code="4">cre</subfield></datafield><datafield ind1=" " ind2=" " tag="830"><subfield code="a">Past masters</subfield><subfield code="w">(IDSBB)001365724DSV01</subfield></datafield><datafield ind1=" " ind2=" " tag="900"><subfield code="a">REROnoselfmerge</subfield></datafield><datafield ind1=" " ind2=" " tag="900"><subfield code="a">IDSERMedeaSOZARCH</subfield></datafield></record>
</metadata></record>