<record><header><identifier>oai:alma.41SLSP_UGE:991000786689705502</identifier><datestamp>2023-04-20T00:14:25Z</datestamp><setSpec>uge_bcen_RapidILL_BOOK</setSpec><setSpec>uge_aaca_RapidILL_BOOK</setSpec><setSpec>uge_abels_RapidILL_BOOK</setSpec><setSpec>uge_dbu_RapidILL_BOOK</setSpec><setSpec>uge_cmu_RapidILL_BOOK</setSpec><setSpec>uge_mail_RapidILL_BOOK</setSpec><setSpec>uge_abbat_RapidILL_BOOK</setSpec><setSpec>UNIGE_ALL</setSpec><setSpec>uge_acar_RapidILL_BOOK</setSpec><setSpec>uge_aobs_RapidILL_BOOK</setSpec></header><metadata>
<record xmlns="http://www.loc.gov/MARC21/slim" xmlns:xsi="http://www.w3.org/2001/XMLSchema-instance" xsi:schemaLocation="http://www.loc.gov/MARC21/slim http://www.loc.gov/standards/marcxml/schema/MARC21slim.xsd"><leader>02518nam a2200325 c 4500</leader><controlfield tag="001">991000786689705502</controlfield><controlfield tag="005">20230419135418.0</controlfield><controlfield tag="008">200116s2016    sp a          010 0 spa d</controlfield><datafield ind1=" " ind2=" " tag="020"><subfield code="a">8494549332</subfield></datafield><datafield ind1=" " ind2=" " tag="020"><subfield code="a">9788494549335</subfield></datafield><datafield ind1=" " ind2=" " tag="035"><subfield code="a">(swissbib)126224668-41slsp_network</subfield></datafield><datafield ind1=" " ind2=" " tag="035"><subfield code="a">126224668</subfield><subfield code="9">ExL</subfield></datafield><datafield ind1=" " ind2=" " tag="035"><subfield code="a">(RERO)R009003354-41slsp</subfield></datafield><datafield ind1=" " ind2=" " tag="035"><subfield code="a">(EXLNZ-41SLSP_NETWORK)991070540599705501</subfield></datafield><datafield ind1=" " ind2=" " tag="040"><subfield code="a">DEBBG</subfield><subfield code="b">ger</subfield><subfield code="e">rda</subfield><subfield code="d">CH-ZuSLS</subfield></datafield><datafield ind1="7" ind2="4" tag="082"><subfield code="a">860</subfield><subfield code="2">23sdnb</subfield></datafield><datafield ind1="0" ind2="0" tag="245"><subfield code="a">Mazurca para Camilo José Cela</subfield><subfield code="c">editores Paco López-Barxas, J.A. Perozo ; prólogo Darío Villanueva</subfield></datafield><datafield ind1=" " ind2="1" tag="264"><subfield code="a">Santiago de Compostela</subfield><subfield code="b">Xunta de Galicia</subfield><subfield code="c">[2016]</subfield></datafield><datafield ind1=" " ind2=" " tag="300"><subfield code="a">211 Seiten</subfield><subfield code="b">Illustrationen</subfield><subfield code="c">25 cm</subfield></datafield><datafield ind1=" " ind2=" " tag="336"><subfield code="b">txt</subfield><subfield code="2">rdacontent</subfield></datafield><datafield ind1=" " ind2=" " tag="337"><subfield code="b">n</subfield><subfield code="2">rdamedia</subfield></datafield><datafield ind1=" " ind2=" " tag="338"><subfield code="b">nc</subfield><subfield code="2">rdacarrier</subfield></datafield><datafield ind1=" " ind2=" " tag="500"><subfield code="a">Includes bibliographical references</subfield></datafield><datafield ind1=" " ind2=" " tag="500"><subfield code="a">Republication (with additional material) of the 1986 edition</subfield></datafield><datafield ind1="8" ind2=" " tag="520"><subfield code="a">Camilo José Cela en su centenario / Darío Villanueva -- Breve preámbulo con júbilo al fondo / Mariano Tudela -- Retrato al minuto de Camilo José Cela / Domingo García-Sabell -- La personalidad y el arte literarios de Camilo José Cela / Darío Villanueva -- Cela, novelilsta gallego en castellano / Basilio Losada -- La poesía de Camilo José Cela / César Antonio Molina -- Relectura de los libros de viajes / J. M. Castellet -- Camilo José Cela repitió viaje / Vicente Araguas -- El teatro alucinado de un dramaturgo alucinante / Paco López-Barxas -- La obra celiana en imágenes: Pascual Duarte y La colmena / Carlos F. Heredero -- Camilo José Cela, antes y después del éxito / mariano Tudela -- La realidad extremeña en Pascual Duarte / José Antonio Perozo -- Zorras y eri zos ante La colmena / J. L. Giménez Frontiń -- Mazurca para dos muertos, una obra maestra / Teresa Barutell -- Los Papeles de Son Armandans / Carlos Meneses -- Los papeles del vagabundo o la vocación periodística / Arturo Lezcano -- Un amante de los libros / Fernando Huearte Morton -- Divagaciones de un secretario / Juan Benito Argüelles -- Mi encuentro con Camilo José Cela / Paco López-Barxas -- Carta de CJC de agradecimiento</subfield></datafield><datafield ind1="1" ind2=" " tag="700"><subfield code="a">Cela, Camilo José</subfield><subfield code="d">1916-2002</subfield><subfield code="0">(IDREF)027601609</subfield><subfield code="4">hnr</subfield></datafield><datafield ind1="1" ind2=" " tag="700"><subfield code="a">Villanueva, Darío</subfield><subfield code="d">1950-....</subfield><subfield code="0">(IDREF)028460286</subfield><subfield code="4">aui</subfield></datafield><datafield ind1="1" ind2=" " tag="700"><subfield code="a">López-Barxas, Francisco</subfield><subfield code="0">(IDREF)067235301</subfield><subfield code="4">edt</subfield></datafield><datafield ind1="1" ind2=" " tag="700"><subfield code="a">Perozo, José Antonio</subfield><subfield code="d">1951-....</subfield><subfield code="0">(IDREF)06873493X</subfield><subfield code="4">edt</subfield></datafield><datafield ind1="4" ind2="2" tag="856"><subfield code="u">http://www.gbv.de/dms/sub-hamburg/1011384523.pdf</subfield><subfield code="3">Inhaltsverzeichnis</subfield></datafield><datafield ind1=" " ind2=" " tag="949"><subfield code="a">http://www.gbv.de/dms/sub-hamburg/1011384523.pdf</subfield></datafield></record>
</metadata></record>