<record><header><identifier>oai:alma.41SLSP_UGE:991000799639705502</identifier><datestamp>2023-04-08T00:13:05Z</datestamp><setSpec>uge_bcen_RapidILL_BOOK</setSpec><setSpec>uge_aaca_RapidILL_BOOK</setSpec><setSpec>uge_abels_RapidILL_BOOK</setSpec><setSpec>uge_dbu_RapidILL_BOOK</setSpec><setSpec>uge_cmu_RapidILL_BOOK</setSpec><setSpec>uge_mail_RapidILL_BOOK</setSpec><setSpec>uge_abbat_RapidILL_BOOK</setSpec><setSpec>UNIGE_ALL</setSpec><setSpec>uge_aobs_RapidILL_BOOK</setSpec><setSpec>uge_acar_RapidILL_BOOK</setSpec></header><metadata>
<record xmlns="http://www.loc.gov/MARC21/slim" xmlns:xsi="http://www.w3.org/2001/XMLSchema-instance" xsi:schemaLocation="http://www.loc.gov/MARC21/slim http://www.loc.gov/standards/marcxml/schema/MARC21slim.xsd"><leader>02758nam a2200625 c 4500</leader><controlfield tag="001">991000799639705502</controlfield><controlfield tag="005">20230407205918.0</controlfield><controlfield tag="008">201012s2006    gw ||||| |||| 10| ||eng d</controlfield><datafield ind1=" " ind2=" " tag="015"><subfield code="a">GFR-DNB-06,N05,1049</subfield></datafield><datafield ind1=" " ind2=" " tag="020"><subfield code="a">3540314237</subfield></datafield><datafield ind1=" " ind2=" " tag="020"><subfield code="a">9783540314233</subfield></datafield><datafield ind1=" " ind2=" " tag="020"><subfield code="a">9783540314240</subfield><subfield code="q">eBook</subfield></datafield><datafield ind1=" " ind2=" " tag="035"><subfield code="a">(swissbib)236090550-41slsp_network</subfield></datafield><datafield ind1=" " ind2=" " tag="035"><subfield code="a">236090550</subfield><subfield code="9">ExL</subfield></datafield><datafield ind1=" " ind2=" " tag="035"><subfield code="a">(RERO)R008281766-41slsp</subfield></datafield><datafield ind1=" " ind2=" " tag="035"><subfield code="a">(NEBIS)005147491EBI01</subfield></datafield><datafield ind1=" " ind2=" " tag="035"><subfield code="a">(EXLNZ-41SLSP_NETWORK)991118714819705501</subfield></datafield><datafield ind1=" " ind2=" " tag="040"><subfield code="a">RERO geucui</subfield><subfield code="d">CH-ZuSLS</subfield></datafield><datafield ind1=" " ind2="7" tag="072"><subfield code="a">in</subfield><subfield code="2">rero</subfield></datafield><datafield ind1="0" ind2="0" tag="245"><subfield code="a">Applied algebra, algebraic algorithms and error-correcting codes</subfield><subfield code="b">16th international symposium, AAECC-16, Las Vegas, NV, USA, February 20-24, 2006 : proceedings</subfield><subfield code="c">Marc Fossorier, Tom Høholdt, Alain Poli, (eds.)</subfield></datafield><datafield ind1="1" ind2=" " tag="246"><subfield code="a">AAECC-16</subfield></datafield><datafield ind1=" " ind2="1" tag="264"><subfield code="a">Berlin</subfield><subfield code="b">Springer</subfield><subfield code="c">2006</subfield></datafield><datafield ind1=" " ind2=" " tag="300"><subfield code="a">337 p.</subfield><subfield code="b">ill.</subfield></datafield><datafield ind1=" " ind2=" " tag="336"><subfield code="b">txt</subfield><subfield code="2">rdacontent</subfield></datafield><datafield ind1=" " ind2=" " tag="337"><subfield code="b">n</subfield><subfield code="2">rdamedia</subfield></datafield><datafield ind1=" " ind2=" " tag="338"><subfield code="b">nc</subfield><subfield code="2">rdacarrier</subfield></datafield><datafield ind1="1" ind2=" " tag="490"><subfield code="a">Lecture notes in computer science</subfield><subfield code="v">3857</subfield></datafield><datafield ind1=" " ind2=" " tag="500"><subfield code="a">Variante du titre: AAECC-16</subfield></datafield><datafield ind1=" " ind2="7" tag="650"><subfield code="a">Algèbre</subfield><subfield code="0">(IDREF)027218740</subfield><subfield code="2">idref</subfield></datafield><datafield ind1=" " ind2="7" tag="650"><subfield code="a">Algorithmes</subfield><subfield code="0">(IDREF)027282171</subfield><subfield code="2">idref</subfield></datafield><datafield ind1=" " ind2="7" tag="650"><subfield code="a">Codes correcteurs d'erreurs (théorie de l'information)</subfield><subfield code="0">(IDREF)027819183</subfield><subfield code="2">idref</subfield></datafield><datafield ind1=" " ind2="0" tag="650"><subfield code="a">Algebra</subfield><subfield code="x">Data processing</subfield></datafield><datafield ind1=" " ind2="0" tag="650"><subfield code="a">Algorithms</subfield></datafield><datafield ind1=" " ind2="0" tag="650"><subfield code="a">Coding theory</subfield></datafield><datafield ind1=" " ind2="0" tag="650"><subfield code="a">Computational complexity</subfield></datafield><datafield ind1=" " ind2="0" tag="650"><subfield code="a">Computer software</subfield></datafield><datafield ind1=" " ind2="0" tag="650"><subfield code="a">Data encryption (Computer science)</subfield></datafield><datafield ind1=" " ind2="4" tag="650"><subfield code="a">Computer Science</subfield></datafield><datafield ind1=" " ind2="4" tag="650"><subfield code="a">Algorithm Analysis and Problem Complexity</subfield></datafield><datafield ind1=" " ind2="4" tag="650"><subfield code="a">Algorithms</subfield></datafield><datafield ind1=" " ind2="4" tag="650"><subfield code="a">Coding and Information Theory</subfield></datafield><datafield ind1=" " ind2="4" tag="650"><subfield code="a">Data Encryption</subfield></datafield><datafield ind1=" " ind2="4" tag="650"><subfield code="a">Discrete Mathematics in Computer Science</subfield></datafield><datafield ind1=" " ind2="4" tag="650"><subfield code="a">Symbolic and Algebraic Manipulation</subfield></datafield><datafield ind1=" " ind2="7" tag="650"><subfield code="a">ALGEBRAISCHE THEORIE FEHLERKORRIGIERENDER CODES (INFORMATIONSTHEORIE)</subfield><subfield code="9">ger</subfield><subfield code="0">(ETHUDK)000013807</subfield><subfield code="2">ethudk</subfield></datafield><datafield ind1=" " ind2="7" tag="650"><subfield code="a">ALGORITHMEN UND BERECHENBARE FUNKTIONEN (MATHEMATIK)</subfield><subfield code="9">ger</subfield><subfield code="0">(ETHUDK)000012493</subfield><subfield code="2">ethudk</subfield></datafield><datafield ind1=" " ind2="7" tag="650"><subfield code="a">SPEZIELLE PROGRAMMIERMETHODEN</subfield><subfield code="9">ger</subfield><subfield code="0">(ETHUDK)000013735</subfield><subfield code="2">ethudk</subfield></datafield><datafield ind1=" " ind2="7" tag="655"><subfield code="a">Actes de congrès</subfield><subfield code="0">(IDREF)02886431X</subfield><subfield code="2">idref</subfield></datafield><datafield ind1=" " ind2="7" tag="655"><subfield code="a">Konferenzschrift</subfield><subfield code="z">Las Vegas (NV)</subfield><subfield code="y">2006</subfield><subfield code="2">gnd-content</subfield></datafield><datafield ind1="1" ind2=" " tag="700"><subfield code="a">Fossorier, Marc</subfield><subfield code="d">1964-....</subfield><subfield code="0">(IDREF)077900197</subfield></datafield><datafield ind1="2" ind2=" " tag="711"><subfield code="a">AAECC Conference</subfield><subfield code="0">(DE-588)1092020039</subfield></datafield><datafield ind1="2" ind2=" " tag="711"><subfield code="a">International Symposium on Applied Algebra, Algebraic Algorithms and Error Correcting Codes</subfield><subfield code="n">16</subfield><subfield code="d">2006</subfield><subfield code="c">Las Vegas</subfield><subfield code="0">(RERO)A025771184</subfield></datafield><datafield ind1="4" ind2=" " tag="856"><subfield code="3">Abstract / Autoreninformation</subfield><subfield code="u">https://toc.library.ethz.ch/objects/pdf/000152982_e01_3540314237_02.pdf</subfield><subfield code="q">pdf</subfield></datafield><datafield ind1=" " ind2=" " tag="830"><subfield code="a">Lecture notes in computer science</subfield><subfield code="n">3000 (2004) to 4999 (2008)</subfield><subfield code="v">3857</subfield><subfield code="w">(NEBIS)004701431EBI01</subfield></datafield><datafield ind1=" " ind2=" " tag="830"><subfield code="a">Lecture notes in computer science</subfield><subfield code="v">3857</subfield><subfield code="w">(RERO)0078255-41slsp</subfield></datafield><datafield ind1=" " ind2=" " tag="900"><subfield code="a">REROnoselfmerge</subfield></datafield></record>
</metadata></record>