<record><header><identifier>oai:alma.41SLSP_UGE:991000786169705502</identifier><datestamp>2023-03-01T01:09:36Z</datestamp><setSpec>uge_bcen_RapidILL_BOOK</setSpec><setSpec>uge_aaca_RapidILL_BOOK</setSpec><setSpec>uge_abels_RapidILL_BOOK</setSpec><setSpec>uge_dbu_RapidILL_BOOK</setSpec><setSpec>uge_cmu_RapidILL_BOOK</setSpec><setSpec>uge_mail_RapidILL_BOOK</setSpec><setSpec>UNIGE_ALL</setSpec><setSpec>uge_abbat_RapidILL_BOOK</setSpec><setSpec>uge_aobs_RapidILL_BOOK</setSpec><setSpec>uge_acar_RapidILL_BOOK</setSpec></header><metadata>
<record xmlns="http://www.loc.gov/MARC21/slim" xmlns:xsi="http://www.w3.org/2001/XMLSchema-instance" xsi:schemaLocation="http://www.loc.gov/MARC21/slim http://www.loc.gov/standards/marcxml/schema/MARC21slim.xsd"><leader>01176nam a2200289 c 4500</leader><controlfield tag="001">991000786169705502</controlfield><controlfield tag="005">20201222223400.0</controlfield><controlfield tag="008">130228s2008    xxu||||| |||| 00| ||eng d</controlfield><datafield ind1=" " ind2=" " tag="020"><subfield code="a">9781428831049</subfield></datafield><datafield ind1=" " ind2=" " tag="035"><subfield code="a">(swissbib)117060461-41slsp_network</subfield></datafield><datafield ind1=" " ind2=" " tag="035"><subfield code="a">117060461</subfield><subfield code="9">ExL</subfield></datafield><datafield ind1=" " ind2=" " tag="035"><subfield code="a">(RERO)R007248665-41slsp</subfield></datafield><datafield ind1=" " ind2=" " tag="035"><subfield code="a">(EXLNZ-41SLSP_NETWORK)991096765069705501</subfield></datafield><datafield ind1=" " ind2=" " tag="040"><subfield code="a">RERO geusst</subfield><subfield code="d">CH-ZuSLS</subfield></datafield><datafield ind1=" " ind2="7" tag="072"><subfield code="a">st</subfield><subfield code="2">rero</subfield></datafield><datafield ind1="0" ind2="0" tag="245"><subfield code="a">Cram 101 textbook outlines to accompany Understanding Earth / Press, Siever, Grotzinger, Jordan, 4th edition</subfield></datafield><datafield ind1="1" ind2=" " tag="246"><subfield code="a">Understanding Earth / Press</subfield></datafield><datafield ind1="1" ind2=" " tag="246"><subfield code="a">Outlines [and] &amp; highlights for Understanding Earth by Press</subfield></datafield><datafield ind1=" " ind2="1" tag="264"><subfield code="a">[Lieu de publication non identifié]</subfield><subfield code="b">Academic Internet Publ.</subfield><subfield code="c">2008</subfield></datafield><datafield ind1=" " ind2=" " tag="300"><subfield code="a">277 p.</subfield></datafield><datafield ind1=" " ind2=" " tag="336"><subfield code="b">txt</subfield><subfield code="2">rdacontent</subfield></datafield><datafield ind1=" " ind2=" " tag="337"><subfield code="b">n</subfield><subfield code="2">rdamedia</subfield></datafield><datafield ind1=" " ind2=" " tag="338"><subfield code="b">nc</subfield><subfield code="2">rdacarrier</subfield></datafield><datafield ind1="0" ind2=" " tag="490"><subfield code="a">Cram101 textbook outlines</subfield></datafield><datafield ind1=" " ind2=" " tag="500"><subfield code="a">Titre de la couv.: Outlines &amp; highlights for Understanding Earth by Press : Cram101 textbook reviews</subfield></datafield><datafield ind1=" " ind2=" " tag="500"><subfield code="a">Cop. 2007 en page de couv., sans lieu, et cop. 2008 avec information sur pays de publ. et ISBN après la publicité</subfield></datafield><datafield ind1="1" ind2=" " tag="700"><subfield code="a">Press, Frank</subfield><subfield code="d">1924-2020</subfield><subfield code="0">(IDREF)031658326</subfield></datafield><datafield ind1=" " ind2=" " tag="900"><subfield code="a">REROnoselfmerge</subfield></datafield></record>
</metadata></record>