<record><header><identifier>oai:alma.41SLSP_UGE:991000800269705502</identifier><datestamp>2023-03-01T01:09:36Z</datestamp><setSpec>uge_bcen_RapidILL_BOOK</setSpec><setSpec>uge_aaca_RapidILL_BOOK</setSpec><setSpec>uge_abels_RapidILL_BOOK</setSpec><setSpec>uge_dbu_RapidILL_BOOK</setSpec><setSpec>uge_cmu_RapidILL_BOOK</setSpec><setSpec>uge_mail_RapidILL_BOOK</setSpec><setSpec>UNIGE_ALL</setSpec><setSpec>uge_abbat_RapidILL_BOOK</setSpec><setSpec>uge_aobs_RapidILL_BOOK</setSpec><setSpec>uge_acar_RapidILL_BOOK</setSpec></header><metadata>
<record xmlns="http://www.loc.gov/MARC21/slim" xmlns:xsi="http://www.w3.org/2001/XMLSchema-instance" xsi:schemaLocation="http://www.loc.gov/MARC21/slim http://www.loc.gov/standards/marcxml/schema/MARC21slim.xsd"><leader>00747nam a2200241 c 4500</leader><controlfield tag="001">991000800269705502</controlfield><controlfield tag="005">20201126052204.0</controlfield><controlfield tag="008">881024q19701980be ||||| |||| 00| ||fre d</controlfield><datafield ind1=" " ind2=" " tag="035"><subfield code="a">(swissbib)08317219X-41slsp_network</subfield></datafield><datafield ind1=" " ind2=" " tag="035"><subfield code="a">08317219X</subfield><subfield code="9">ExL</subfield></datafield><datafield ind1=" " ind2=" " tag="035"><subfield code="a">(RERO)1033019-41slsp</subfield></datafield><datafield ind1=" " ind2=" " tag="035"><subfield code="a">(EXLNZ-41SLSP_NETWORK)991122740939705501</subfield></datafield><datafield ind1=" " ind2=" " tag="040"><subfield code="a">RERO geullg</subfield><subfield code="d">CH-ZuSLS</subfield></datafield><datafield ind1=" " ind2="7" tag="072"><subfield code="a">fr</subfield><subfield code="2">rero</subfield></datafield><datafield ind1="1" ind2=" " tag="100"><subfield code="a">Jacqmin, François</subfield><subfield code="0">(RERO)A003416745</subfield><subfield code="4">cre</subfield></datafield><datafield ind1="1" ind2="0" tag="245"><subfield code="a">&lt;&lt;La&gt;&gt; rose de décembre</subfield><subfield code="c">François Jacqmin</subfield></datafield><datafield ind1=" " ind2="1" tag="264"><subfield code="a">Bruxelles</subfield><subfield code="b">Phantomas</subfield><subfield code="c">[1975?]</subfield></datafield><datafield ind1=" " ind2=" " tag="300"><subfield code="a">[12] p.</subfield><subfield code="c">17 cm</subfield></datafield><datafield ind1=" " ind2=" " tag="336"><subfield code="b">txt</subfield><subfield code="2">rdacontent</subfield></datafield><datafield ind1=" " ind2=" " tag="337"><subfield code="b">n</subfield><subfield code="2">rdamedia</subfield></datafield><datafield ind1=" " ind2=" " tag="338"><subfield code="b">nc</subfield><subfield code="2">rdacarrier</subfield></datafield><datafield ind1="1" ind2=" " tag="490"><subfield code="a">Bibliothèque Phantomas</subfield><subfield code="v">2</subfield></datafield><datafield ind1=" " ind2=" " tag="830"><subfield code="a">Bibliothèque Phantomas</subfield><subfield code="v">2</subfield><subfield code="w">(RERO)1017817-41slsp</subfield></datafield><datafield ind1=" " ind2=" " tag="900"><subfield code="a">REROnoselfmerge</subfield></datafield><datafield ind1=" " ind2=" " tag="990"><subfield code="a">glfbe</subfield><subfield code="9">LOCAL</subfield></datafield></record>
</metadata></record>