<record><header><identifier>oai:alma.41SLSP_UGE:991000799959705502</identifier><datestamp>2024-10-16T00:13:56Z</datestamp><setSpec>uge_bcen_RapidILL_BOOK</setSpec><setSpec>uge_aaca_RapidILL_BOOK</setSpec><setSpec>uge_abels_RapidILL_BOOK</setSpec><setSpec>uge_dbu_RapidILL_BOOK</setSpec><setSpec>uge_cmu_RapidILL_BOOK</setSpec><setSpec>uge_mail_RapidILL_BOOK</setSpec><setSpec>uge_abbat_RapidILL_BOOK</setSpec><setSpec>UNIGE_ALL</setSpec><setSpec>uge_aobs_RapidILL_BOOK</setSpec><setSpec>uge_acar_RapidILL_BOOK</setSpec></header><metadata>
<record xmlns="http://www.loc.gov/MARC21/slim" xmlns:xsi="http://www.w3.org/2001/XMLSchema-instance" xsi:schemaLocation="http://www.loc.gov/MARC21/slim http://www.loc.gov/standards/marcxml/schema/MARC21slim.xsd"><leader>01335nam a2200325 c 4500</leader><controlfield tag="001">991000799959705502</controlfield><controlfield tag="005">20230315212805.0</controlfield><controlfield tag="008">030924s2003    fr ||||| |||| 00| ||fre d</controlfield><datafield ind1=" " ind2=" " tag="020"><subfield code="a">2745308696</subfield></datafield><datafield ind1=" " ind2=" " tag="035"><subfield code="a">(swissbib)099344807-41slsp_network</subfield></datafield><datafield ind1=" " ind2=" " tag="035"><subfield code="a">099344807</subfield><subfield code="9">ExL</subfield></datafield><datafield ind1=" " ind2=" " tag="035"><subfield code="a">(RERO)R003411522-41slsp</subfield></datafield><datafield ind1=" " ind2=" " tag="035"><subfield code="a">(EXLNZ-41SLSP_NETWORK)991156191909705501</subfield></datafield><datafield ind1=" " ind2=" " tag="040"><subfield code="a">RERO gevbpu</subfield><subfield code="d">CH-ZuSLS</subfield></datafield><datafield ind1=" " ind2=" " tag="044"><subfield code="a">sz</subfield><subfield code="c">ch-ge</subfield></datafield><datafield ind1=" " ind2="7" tag="072"><subfield code="a">fr</subfield><subfield code="2">rero</subfield></datafield><datafield ind1="1" ind2=" " tag="100"><subfield code="a">Huysmans, Joris-Karl</subfield><subfield code="d">1848-1907</subfield><subfield code="0">(IDREF)02692935X</subfield><subfield code="4">cre</subfield></datafield><datafield ind1="1" ind2="0" tag="245"><subfield code="a">&lt;&lt;Le&gt;&gt; drageoir aux épices</subfield><subfield code="b">; suivi de textes inédits</subfield><subfield code="c">Joris-Karl Huysmans</subfield></datafield><datafield ind1=" " ind2=" " tag="250"><subfield code="a">Ed. critique</subfield><subfield code="b">présentée, établie et annotée par Patrice Locmant</subfield></datafield><datafield ind1=" " ind2="1" tag="264"><subfield code="a">Paris</subfield><subfield code="b">H. Champion</subfield><subfield code="a">Genève</subfield><subfield code="b">diff. Slatkine</subfield><subfield code="c">2003</subfield></datafield><datafield ind1=" " ind2=" " tag="300"><subfield code="a">280 p.</subfield><subfield code="b">ill.</subfield><subfield code="c">23 cm</subfield></datafield><datafield ind1=" " ind2=" " tag="336"><subfield code="b">txt</subfield><subfield code="2">rdacontent</subfield></datafield><datafield ind1=" " ind2=" " tag="337"><subfield code="b">n</subfield><subfield code="2">rdamedia</subfield></datafield><datafield ind1=" " ind2=" " tag="338"><subfield code="b">nc</subfield><subfield code="2">rdacarrier</subfield></datafield><datafield ind1="1" ind2=" " tag="490"><subfield code="a">Textes de littérature moderne et contemporaine</subfield><subfield code="v">71</subfield></datafield><datafield ind1="0" ind2=" " tag="505"><subfield code="a">Textes inédits: Le monstre pâle ; Châlons ; La naïade de l'égout ; Rancoeurs ; Tibi</subfield></datafield><datafield ind1="1" ind2="7" tag="600"><subfield code="a">Huysmans, Joris-Karl</subfield><subfield code="d">1848-1907</subfield><subfield code="t">&lt;&lt;Le &gt;&gt;drageoir aux épices</subfield><subfield code="0">(IDREF)074341332</subfield><subfield code="2">idref</subfield></datafield><datafield ind1=" " ind2="7" tag="650"><subfield code="a">Critique génétique</subfield><subfield code="0">(IDREF)028956176</subfield><subfield code="2">idref</subfield></datafield><datafield ind1="1" ind2=" " tag="700"><subfield code="a">Locmant, Patrice</subfield><subfield code="d">1979-....</subfield><subfield code="0">(IDREF)074192582</subfield></datafield><datafield ind1=" " ind2=" " tag="830"><subfield code="a">Textes de littérature moderne et contemporaine</subfield><subfield code="v">71</subfield><subfield code="w">(RERO)1997240-41slsp</subfield></datafield><datafield ind1=" " ind2=" " tag="900"><subfield code="a">REROnoselfmerge</subfield></datafield></record>
</metadata></record>