<record><header><identifier>oai:alma.41SLSP_UGE:991000800249705502</identifier><datestamp>2023-03-01T01:09:36Z</datestamp><setSpec>uge_bcen_RapidILL_BOOK</setSpec><setSpec>uge_aaca_RapidILL_BOOK</setSpec><setSpec>uge_abels_RapidILL_BOOK</setSpec><setSpec>uge_dbu_RapidILL_BOOK</setSpec><setSpec>uge_cmu_RapidILL_BOOK</setSpec><setSpec>uge_mail_RapidILL_BOOK</setSpec><setSpec>UNIGE_ALL</setSpec><setSpec>uge_abbat_RapidILL_BOOK</setSpec><setSpec>uge_acar_RapidILL_BOOK</setSpec><setSpec>uge_aobs_RapidILL_BOOK</setSpec></header><metadata>
<record xmlns="http://www.loc.gov/MARC21/slim" xmlns:xsi="http://www.w3.org/2001/XMLSchema-instance" xsi:schemaLocation="http://www.loc.gov/MARC21/slim http://www.loc.gov/standards/marcxml/schema/MARC21slim.xsd"><leader>02041nam a2200541 c 4500</leader><controlfield tag="001">991000800249705502</controlfield><controlfield tag="005">20230216202425.0</controlfield><controlfield tag="008">201011s2001    sp ||||| |||| 00| ||spa d</controlfield><datafield ind1=" " ind2=" " tag="020"><subfield code="a">9788470309885</subfield></datafield><datafield ind1=" " ind2=" " tag="020"><subfield code="a">8470309889</subfield></datafield><datafield ind1="7" ind2=" " tag="024"><subfield code="a">http://catalogue.bnf.fr/ark:/12148/cb38828512k</subfield><subfield code="2">uri</subfield></datafield><datafield ind1=" " ind2=" " tag="035"><subfield code="a">(swissbib)216817528-41slsp_network</subfield></datafield><datafield ind1=" " ind2=" " tag="035"><subfield code="a">216817528</subfield><subfield code="9">ExL</subfield></datafield><datafield ind1=" " ind2=" " tag="035"><subfield code="a">(RERO)R003241571-41slsp</subfield></datafield><datafield ind1=" " ind2=" " tag="035"><subfield code="a">(IDSBB)005708934DSV01</subfield></datafield><datafield ind1=" " ind2=" " tag="035"><subfield code="a">(NEBIS)004327507EBI01</subfield></datafield><datafield ind1=" " ind2=" " tag="035"><subfield code="a">(OCoLC)248228453</subfield></datafield><datafield ind1=" " ind2=" " tag="035"><subfield code="a">(EXLNZ-41SLSP_NETWORK)991039705459705501</subfield></datafield><datafield ind1=" " ind2=" " tag="040"><subfield code="a">RERO geules</subfield><subfield code="d">CH-ZuSLS</subfield></datafield><datafield ind1=" " ind2=" " tag="050"><subfield code="a">PQ6353</subfield></datafield><datafield ind1=" " ind2="7" tag="072"><subfield code="a">es</subfield><subfield code="2">rero</subfield></datafield><datafield ind1=" " ind2="7" tag="072"><subfield code="a">es</subfield><subfield code="2">SzZuIDS BS/BE</subfield></datafield><datafield ind1="0" ind2="0" tag="082"><subfield code="a">863/.3</subfield><subfield code="2">22</subfield></datafield><datafield ind1=" " ind2=" " tag="084"><subfield code="a">18.32 ; Spanische Literatur</subfield><subfield code="2">bcc</subfield></datafield><datafield ind1=" " ind2=" " tag="084"><subfield code="a">7,34</subfield><subfield code="2">ssg</subfield></datafield><datafield ind1=" " ind2=" " tag="084"><subfield code="a">IO 3555</subfield></datafield><datafield ind1=" " ind2=" " tag="084"><subfield code="a">IO 3555</subfield><subfield code="2">rvk</subfield></datafield><datafield ind1="1" ind2=" " tag="100"><subfield code="a">Larroque, Luis</subfield><subfield code="0">(IDREF)061102997</subfield><subfield code="4">cre</subfield></datafield><datafield ind1="1" ind2="0" tag="245"><subfield code="a">&lt;&lt;La&gt;&gt; ideología y el humanismo de Cervantes</subfield><subfield code="c">Luis Larroque Allende</subfield></datafield><datafield ind1=" " ind2="1" tag="264"><subfield code="a">Madrid</subfield><subfield code="b">Biblioteca nueva</subfield><subfield code="c">[2001]</subfield></datafield><datafield ind1=" " ind2="4" tag="264"><subfield code="c">© 2001</subfield></datafield><datafield ind1=" " ind2=" " tag="300"><subfield code="a">254 p.</subfield><subfield code="c">21 cm</subfield></datafield><datafield ind1=" " ind2=" " tag="336"><subfield code="b">txt</subfield><subfield code="2">rdacontent</subfield></datafield><datafield ind1=" " ind2=" " tag="337"><subfield code="b">n</subfield><subfield code="2">rdamedia</subfield></datafield><datafield ind1=" " ind2=" " tag="338"><subfield code="b">nc</subfield><subfield code="2">rdacarrier</subfield></datafield><datafield ind1="1" ind2=" " tag="490"><subfield code="a">Ensayos</subfield></datafield><datafield ind1="1" ind2="7" tag="600"><subfield code="a">Cervantes Saavedra, Miguel de</subfield><subfield code="d">1547-1616</subfield><subfield code="0">(IDREF)026774771</subfield><subfield code="2">idref</subfield></datafield><datafield ind1="1" ind2="7" tag="600"><subfield code="a">Cervantes Saavedra, Miguel &lt;&lt;de&gt;&gt;</subfield><subfield code="d">1547-1616</subfield><subfield code="t">Don Quijote</subfield><subfield code="0">(DE-588)4113209-9</subfield><subfield code="2">gnd</subfield></datafield><datafield ind1="1" ind2="7" tag="600"><subfield code="a">Cervantes Saavedra, Miguel de; Don Quijote</subfield><subfield code="2">idszbz</subfield></datafield><datafield ind1="1" ind2="0" tag="600"><subfield code="a">Cervantes Saavedra, Miguel de</subfield><subfield code="d">1547-1616</subfield><subfield code="t">Don Quixote</subfield></datafield><datafield ind1="1" ind2="0" tag="600"><subfield code="a">Cervantes Saavedra, Miguel de</subfield><subfield code="d">1547-1616</subfield><subfield code="x">Political and social views</subfield></datafield><datafield ind1=" " ind2="7" tag="650"><subfield code="a">Humanisme de la Renaissance</subfield><subfield code="0">(IDREF)027399389</subfield><subfield code="2">idref</subfield></datafield><datafield ind1=" " ind2="7" tag="650"><subfield code="a">Humanismus</subfield><subfield code="0">(DE-588)4026140-2</subfield><subfield code="2">gnd</subfield></datafield><datafield ind1=" " ind2="7" tag="650"><subfield code="a">Politisches Denken</subfield><subfield code="0">(DE-588)4115590-7</subfield><subfield code="2">gnd</subfield></datafield><datafield ind1=" " ind2="0" tag="650"><subfield code="a">Authors, Spanish</subfield><subfield code="y">Classical period, 1500-1700</subfield><subfield code="x">Criticism and interpretation</subfield></datafield><datafield ind1="4" ind2=" " tag="856"><subfield code="u">http://www.gbv.de/dms/sub-hamburg/342723618.pdf</subfield></datafield><datafield ind1=" " ind2=" " tag="830"><subfield code="a">Ensayos</subfield><subfield code="p">Biblioteca Nueva</subfield><subfield code="w">(RERO)R237702660-41slsp</subfield></datafield><datafield ind1=" " ind2=" " tag="900"><subfield code="a">REROnoselfmerge</subfield></datafield><datafield ind1=" " ind2=" " tag="900"><subfield code="a">IDSZ2zbzmon200209e</subfield><subfield code="c">IDSZ2kuel</subfield><subfield code="d">IDSZ2zbzswk200209b</subfield><subfield code="e">IDSZ2brua</subfield></datafield><datafield ind1=" " ind2=" " tag="993"><subfield code="a">BFLA 151896</subfield><subfield code="x">ge/ules/a/02/174</subfield><subfield code="x">ge/ules/a/04/700</subfield><subfield code="9">LOCAL</subfield></datafield></record>
</metadata></record>