<record><header><identifier>oai:alma.41SLSP_UGE:991000800149705502</identifier><datestamp>2024-07-17T01:23:52Z</datestamp><setSpec>uge_bcen_RapidILL_BOOK</setSpec><setSpec>uge_aaca_RapidILL_BOOK</setSpec><setSpec>uge_abels_RapidILL_BOOK</setSpec><setSpec>uge_dbu_RapidILL_BOOK</setSpec><setSpec>uge_cmu_RapidILL_BOOK</setSpec><setSpec>uge_mail_RapidILL_BOOK</setSpec><setSpec>uge_abbat_RapidILL_BOOK</setSpec><setSpec>UNIGE_ALL</setSpec><setSpec>uge_acar_RapidILL_BOOK</setSpec><setSpec>uge_aobs_RapidILL_BOOK</setSpec></header><metadata>
<record xmlns="http://www.loc.gov/MARC21/slim" xmlns:xsi="http://www.w3.org/2001/XMLSchema-instance" xsi:schemaLocation="http://www.loc.gov/MARC21/slim http://www.loc.gov/standards/marcxml/schema/MARC21slim.xsd"><leader>01396nam a2200349 c 4500</leader><controlfield tag="001">991000800149705502</controlfield><controlfield tag="005">20240716135225.0</controlfield><controlfield tag="008">000925s1998    fr ||||| |||| 00| ||fre d</controlfield><datafield ind1=" " ind2=" " tag="020"><subfield code="a">9782840491286</subfield></datafield><datafield ind1="7" ind2=" " tag="024"><subfield code="a">http://catalogue.bnf.fr/ark:/12148/cb37000869h</subfield><subfield code="2">uri</subfield></datafield><datafield ind1=" " ind2=" " tag="035"><subfield code="a">(swissbib)094104972-41slsp_network</subfield></datafield><datafield ind1=" " ind2=" " tag="035"><subfield code="a">094104972</subfield><subfield code="9">ExL</subfield></datafield><datafield ind1=" " ind2=" " tag="035"><subfield code="a">(RERO)R243468660-41slsp</subfield></datafield><datafield ind1=" " ind2=" " tag="035"><subfield code="a">(EXLNZ-41SLSP_NETWORK)991076159939705501</subfield></datafield><datafield ind1=" " ind2=" " tag="040"><subfield code="a">RERO vsbcvs</subfield><subfield code="d">CH-ZuSLS</subfield></datafield><datafield ind1=" " ind2="7" tag="072"><subfield code="a">ba</subfield><subfield code="2">rero</subfield></datafield><datafield ind1="0" ind2="0" tag="245"><subfield code="a">Manuel de muséographie</subfield><subfield code="b">petit guide à l'usage des responsables de musée</subfield><subfield code="c">sous la dir. de Marie-Odile de Bary et Jean-Michel Tobelem ; préf. de Jacques Barrot ; avant-propos de Richard Martineau</subfield></datafield><datafield ind1=" " ind2="1" tag="264"><subfield code="a">Biarritz</subfield><subfield code="b">Séguier</subfield><subfield code="c">1998</subfield></datafield><datafield ind1=" " ind2=" " tag="300"><subfield code="a">350 p.</subfield><subfield code="b">ill.</subfield><subfield code="c">22 cm</subfield></datafield><datafield ind1=" " ind2=" " tag="336"><subfield code="b">txt</subfield><subfield code="2">rdacontent</subfield></datafield><datafield ind1=" " ind2=" " tag="337"><subfield code="b">n</subfield><subfield code="2">rdamedia</subfield></datafield><datafield ind1=" " ind2=" " tag="338"><subfield code="b">nc</subfield><subfield code="2">rdacarrier</subfield></datafield><datafield ind1="1" ind2=" " tag="490"><subfield code="a">Option culture</subfield></datafield><datafield ind1=" " ind2=" " tag="504"><subfield code="a">Bibliogr.: p. 343-350</subfield></datafield><datafield ind1=" " ind2="7" tag="650"><subfield code="a">Muséologie</subfield><subfield code="0">(IDREF)027240177</subfield><subfield code="2">idref</subfield></datafield><datafield ind1=" " ind2="7" tag="650"><subfield code="a">musée - organisation (structure)</subfield><subfield code="0">(RERO)A010121039</subfield><subfield code="2">rerovoc</subfield></datafield><datafield ind1=" " ind2="7" tag="651"><subfield code="a">France</subfield><subfield code="0">(IDREF)027226794</subfield><subfield code="2">idref</subfield></datafield><datafield ind1=" " ind2="7" tag="655"><subfield code="a">Manuels d'enseignement</subfield><subfield code="0">(IDREF)027446514</subfield><subfield code="2">idref</subfield></datafield><datafield ind1="1" ind2=" " tag="700"><subfield code="a">Bary, Marie-Odile de</subfield><subfield code="d">....-2011</subfield><subfield code="0">(IDREF)033705747</subfield></datafield><datafield ind1="1" ind2=" " tag="700"><subfield code="a">Tobelem, Jean-Michel</subfield><subfield code="d">1961-....</subfield><subfield code="0">(IDREF)030512751</subfield></datafield><datafield ind1="1" ind2=" " tag="700"><subfield code="a">Barrot, Jacques</subfield><subfield code="d">1937-2014</subfield><subfield code="0">(IDREF)026706954</subfield></datafield><datafield ind1=" " ind2=" " tag="830"><subfield code="a">Option culture</subfield><subfield code="w">(RERO)R243469960-41slsp</subfield></datafield><datafield ind1=" " ind2=" " tag="900"><subfield code="a">REROnoselfmerge</subfield></datafield><datafield ind1=" " ind2=" " tag="993"><subfield code="a">BFLA 133600</subfield><subfield code="x">ge/ulha/a/00/0229</subfield><subfield code="9">LOCAL</subfield></datafield></record>
</metadata></record>