<record><header><identifier>oai:alma.41SLSP_UGE:991000799629705502</identifier><datestamp>2023-03-01T01:09:36Z</datestamp><setSpec>uge_bcen_RapidILL_BOOK</setSpec><setSpec>uge_aaca_RapidILL_BOOK</setSpec><setSpec>uge_abels_RapidILL_BOOK</setSpec><setSpec>uge_dbu_RapidILL_BOOK</setSpec><setSpec>uge_cmu_RapidILL_BOOK</setSpec><setSpec>uge_mail_RapidILL_BOOK</setSpec><setSpec>UNIGE_ALL</setSpec><setSpec>uge_abbat_RapidILL_BOOK</setSpec><setSpec>uge_aobs_RapidILL_BOOK</setSpec><setSpec>uge_acar_RapidILL_BOOK</setSpec></header><metadata>
<record xmlns="http://www.loc.gov/MARC21/slim" xmlns:xsi="http://www.w3.org/2001/XMLSchema-instance" xsi:schemaLocation="http://www.loc.gov/MARC21/slim http://www.loc.gov/standards/marcxml/schema/MARC21slim.xsd"><leader>01226nam a2200301 c 4500</leader><controlfield tag="001">991000799629705502</controlfield><controlfield tag="005">20210207193447.0</controlfield><controlfield tag="008">100211s2010    gw ||||| |||| 00| ||ger d</controlfield><datafield ind1=" " ind2=" " tag="020"><subfield code="a">9783579052465</subfield></datafield><datafield ind1=" " ind2=" " tag="035"><subfield code="a">(swissbib)109992164-41slsp_network</subfield></datafield><datafield ind1=" " ind2=" " tag="035"><subfield code="a">109992164</subfield><subfield code="9">ExL</subfield></datafield><datafield ind1=" " ind2=" " tag="035"><subfield code="a">(RERO)R005388963-41slsp</subfield></datafield><datafield ind1=" " ind2=" " tag="035"><subfield code="a">(EXLNZ-41SLSP_NETWORK)991000569239705501</subfield></datafield><datafield ind1=" " ind2=" " tag="040"><subfield code="a">RERO labcud</subfield><subfield code="d">CH-ZuSLS</subfield></datafield><datafield ind1="1" ind2=" " tag="041"><subfield code="a">ger</subfield><subfield code="h">grc</subfield></datafield><datafield ind1=" " ind2="7" tag="072"><subfield code="a">th</subfield><subfield code="2">rero</subfield></datafield><datafield ind1="1" ind2=" " tag="080"><subfield code="a">228.22</subfield></datafield><datafield ind1="0" ind2="0" tag="245"><subfield code="a">Geschichte Melchisedeks</subfield><subfield code="c">Christfried Böttrich</subfield></datafield><datafield ind1=" " ind2="1" tag="264"><subfield code="a">Gütersloh</subfield><subfield code="b">Gütersloher Verlagshaus</subfield><subfield code="c">2010</subfield></datafield><datafield ind1=" " ind2=" " tag="300"><subfield code="a">VIII, 167 S.</subfield><subfield code="b">Ill.</subfield><subfield code="c">25 cm</subfield></datafield><datafield ind1=" " ind2=" " tag="336"><subfield code="b">txt</subfield><subfield code="2">rdacontent</subfield></datafield><datafield ind1=" " ind2=" " tag="337"><subfield code="b">n</subfield><subfield code="2">rdamedia</subfield></datafield><datafield ind1=" " ind2=" " tag="338"><subfield code="b">nc</subfield><subfield code="2">rdacarrier</subfield></datafield><datafield ind1="1" ind2=" " tag="490"><subfield code="a">Jüdische Schriften aus hellenistisch-römischer Zeit. Neue Folge. Bd. 2, Weisheitliche, magische und legendarische Erzählungen</subfield><subfield code="v">Lfg. 1</subfield></datafield><datafield ind1="1" ind2=" " tag="700"><subfield code="a">Böttrich, Christfried</subfield><subfield code="d">1959-....</subfield><subfield code="0">(IDREF)057121125</subfield></datafield><datafield ind1="0" ind2=" " tag="730"><subfield code="a">Bible</subfield><subfield code="n">127</subfield><subfield code="p">A.T</subfield><subfield code="p">Apocryphes</subfield><subfield code="p">Histoire de Melchisédech</subfield><subfield code="l">Allemand</subfield></datafield><datafield ind1=" " ind2="0" tag="830"><subfield code="a">Weisheitliche, magische und legendarische Erzählungen</subfield><subfield code="v">1</subfield><subfield code="w">(RERO)R004245298-41slsp</subfield></datafield><datafield ind1=" " ind2="0" tag="830"><subfield code="a">Jüdische Schriften aus hellenistisch-römischer Zeit</subfield><subfield code="p">Neue Folge</subfield><subfield code="v">2,1</subfield><subfield code="w">(RERO)R003829731-41slsp</subfield></datafield><datafield ind1=" " ind2=" " tag="900"><subfield code="a">REROnoselfmerge</subfield></datafield></record>
</metadata></record>