<record><header><identifier>oai:alma.41SLSP_UGE:991000799319705502</identifier><datestamp>2024-09-13T00:26:16Z</datestamp><setSpec>uge_bcen_RapidILL_BOOK</setSpec><setSpec>uge_aaca_RapidILL_BOOK</setSpec><setSpec>uge_abels_RapidILL_BOOK</setSpec><setSpec>uge_dbu_RapidILL_BOOK</setSpec><setSpec>uge_cmu_RapidILL_BOOK</setSpec><setSpec>uge_mail_RapidILL_BOOK</setSpec><setSpec>uge_abbat_RapidILL_BOOK</setSpec><setSpec>UNIGE_ALL</setSpec><setSpec>uge_acar_RapidILL_BOOK</setSpec><setSpec>uge_aobs_RapidILL_BOOK</setSpec></header><metadata>
<record xmlns="http://www.loc.gov/MARC21/slim" xmlns:xsi="http://www.w3.org/2001/XMLSchema-instance" xsi:schemaLocation="http://www.loc.gov/MARC21/slim http://www.loc.gov/standards/marcxml/schema/MARC21slim.xsd"><leader>01764nam a22004452c 4500</leader><controlfield tag="001">991000799319705502</controlfield><controlfield tag="005">20240912185230.0</controlfield><controlfield tag="008">201011s1996    xxu           00| | eng|d</controlfield><datafield ind1=" " ind2=" " tag="020"><subfield code="a">0821805584</subfield><subfield code="q">softcover : alk. pap</subfield></datafield><datafield ind1=" " ind2=" " tag="020"><subfield code="a">0821805290</subfield><subfield code="q">hardcover : alk. pap</subfield></datafield><datafield ind1=" " ind2=" " tag="020"><subfield code="a">0821809229</subfield><subfield code="q">pbk.</subfield></datafield><datafield ind1=" " ind2=" " tag="035"><subfield code="a">(swissbib)229960804-41slsp_network</subfield></datafield><datafield ind1=" " ind2=" " tag="035"><subfield code="a">229960804</subfield><subfield code="9">ExL</subfield></datafield><datafield ind1=" " ind2=" " tag="035"><subfield code="a">(IDSBB)002835859DSV01</subfield></datafield><datafield ind1=" " ind2=" " tag="035"><subfield code="a">(NEBIS)001648268EBI01</subfield></datafield><datafield ind1=" " ind2=" " tag="035"><subfield code="a">(RERO)R218527560-41slsp</subfield></datafield><datafield ind1=" " ind2=" " tag="035"><subfield code="a">(EXLNZ-41SLSP_NETWORK)991001942199705501</subfield></datafield><datafield ind1=" " ind2=" " tag="040"><subfield code="a">ETH-BIB</subfield><subfield code="e">kids</subfield><subfield code="d">CH-ZuSLS</subfield></datafield><datafield ind1=" " ind2="7" tag="072"><subfield code="a">ph</subfield><subfield code="2">rero</subfield></datafield><datafield ind1=" " ind2=" " tag="084"><subfield code="a">SG 590</subfield><subfield code="2">rvk</subfield></datafield><datafield ind1=" " ind2=" " tag="084"><subfield code="a">SK 380</subfield><subfield code="2">rvk</subfield></datafield><datafield ind1=" " ind2=" " tag="084"><subfield code="a">01.20</subfield><subfield code="2">msc</subfield></datafield><datafield ind1=" " ind2=" " tag="084"><subfield code="a">50</subfield><subfield code="2">msc</subfield></datafield><datafield ind1="1" ind2=" " tag="100"><subfield code="a">Stillwell, John</subfield><subfield code="d">1942-</subfield><subfield code="0">(RERO)A003865622</subfield><subfield code="4">cre</subfield><subfield code="6">880-01</subfield></datafield><datafield ind1="1" ind2=" " tag="880"><subfield code="a">Stillwell, John</subfield><subfield code="d">1942-</subfield><subfield code="0">(DE-588)128427264</subfield><subfield code="6">100-01</subfield></datafield><datafield ind1="1" ind2="0" tag="245"><subfield code="a">Sources of hyperbolic geometry</subfield><subfield code="c">ed. by John Stillwell</subfield></datafield><datafield ind1=" " ind2="1" tag="264"><subfield code="a">Providence, Rhode Island</subfield><subfield code="b">American Mathematical Society</subfield><subfield code="c">1996</subfield></datafield><datafield ind1=" " ind2="4" tag="264"><subfield code="c">© 1996</subfield></datafield><datafield ind1=" " ind2=" " tag="300"><subfield code="a">IX, 153 S.</subfield><subfield code="c">27 cm</subfield><subfield code="b">Ill.</subfield></datafield><datafield ind1=" " ind2=" " tag="336"><subfield code="b">txt</subfield><subfield code="2">rdacontent</subfield></datafield><datafield ind1=" " ind2=" " tag="337"><subfield code="b">n</subfield><subfield code="2">rdamedia</subfield></datafield><datafield ind1=" " ind2=" " tag="338"><subfield code="b">nc</subfield><subfield code="2">rdacarrier</subfield></datafield><datafield ind1="1" ind2=" " tag="490"><subfield code="a">History of mathematics</subfield><subfield code="v">vol. 10</subfield></datafield><datafield ind1=" " ind2="7" tag="650"><subfield code="a">FUCHSSCHE GRUPPEN + KLEINSCHE GRUPPEN (ALGEBRAISCHE GEOMETRIE)</subfield><subfield code="9">ger</subfield><subfield code="0">(ETHUDK)000012831</subfield><subfield code="2">ethudk</subfield></datafield><datafield ind1=" " ind2="7" tag="650"><subfield code="a">HYPERBOLISCHE GEOMETRIEN</subfield><subfield code="9">ger</subfield><subfield code="0">(ETHUDK)000012888</subfield><subfield code="2">ethudk</subfield></datafield><datafield ind1=" " ind2="7" tag="650"><subfield code="a">MATHEMATIKGESCHICHTE</subfield><subfield code="9">ger</subfield><subfield code="0">(ETHUDK)000041256</subfield><subfield code="2">ethudk</subfield></datafield><datafield ind1=" " ind2="7" tag="650"><subfield code="a">NICHTEUKLIDISCHE METRISCHE GEOMETRIEN</subfield><subfield code="9">ger</subfield><subfield code="0">(ETHUDK)000012886</subfield><subfield code="2">ethudk</subfield></datafield><datafield ind1=" " ind2="7" tag="650"><subfield code="a">géométrie hyperbolique - sources</subfield><subfield code="0">(RERO)A010192156</subfield><subfield code="2">rerovoc</subfield></datafield><datafield ind1="4" ind2=" " tag="856"><subfield code="3">Inhaltsverzeichnis</subfield><subfield code="u">http://www.ub.unibas.ch/tox/HBZ/HT007144137/PDF</subfield><subfield code="q">pdf</subfield></datafield><datafield ind1=" " ind2="0" tag="830"><subfield code="a">History of mathematics</subfield><subfield code="v">10</subfield><subfield code="w">(NEBIS)000566698EBI01</subfield></datafield><datafield ind1=" " ind2=" " tag="949"><subfield code="a">http://www.ub.unibas.ch/tox/HBZ/HT007144137/PDF</subfield></datafield></record>
</metadata></record>