<record><header><identifier>oai:alma.41SLSP_UGE:991000800049705502</identifier><datestamp>2023-06-06T00:10:34Z</datestamp><setSpec>UNIGE_ALL</setSpec></header><metadata>
<record xmlns="http://www.loc.gov/MARC21/slim" xmlns:xsi="http://www.w3.org/2001/XMLSchema-instance" xsi:schemaLocation="http://www.loc.gov/MARC21/slim http://www.loc.gov/standards/marcxml/schema/MARC21slim.xsd"><leader>01732ngm a2200361 c 4500</leader><controlfield tag="001">991000800049705502</controlfield><controlfield tag="005">20230605204457.0</controlfield><controlfield tag="007">vd |v||||</controlfield><controlfield tag="008">150521s2014    fr ||| |          v|fre d</controlfield><datafield ind1=" " ind2=" " tag="035"><subfield code="a">(swissbib)121600645-41slsp_network</subfield></datafield><datafield ind1=" " ind2=" " tag="035"><subfield code="a">121600645</subfield><subfield code="9">ExL</subfield></datafield><datafield ind1=" " ind2=" " tag="035"><subfield code="a">(RERO)R008152628-41slsp</subfield></datafield><datafield ind1=" " ind2=" " tag="035"><subfield code="a">(EXLNZ-41SLSP_NETWORK)991071137429705501</subfield></datafield><datafield ind1=" " ind2=" " tag="040"><subfield code="a">RERO geumem</subfield><subfield code="d">CH-ZuSLS</subfield></datafield><datafield ind1=" " ind2="7" tag="072"><subfield code="a">ss</subfield><subfield code="2">rero</subfield></datafield><datafield ind1="0" ind2="0" tag="245"><subfield code="a">Nos mères, nos daronnes</subfield><subfield code="c">un film de Bouchera Azzouz et Marion Stalens</subfield></datafield><datafield ind1=" " ind2="1" tag="264"><subfield code="a">[Lieu de publication non identifié]</subfield><subfield code="b">DACP [prod.]</subfield><subfield code="c">2014</subfield></datafield><datafield ind1=" " ind2=" " tag="300"><subfield code="a">1 DVD-R (52 min.)</subfield></datafield><datafield ind1=" " ind2=" " tag="336"><subfield code="b">tdi</subfield><subfield code="2">rdacontent</subfield></datafield><datafield ind1=" " ind2=" " tag="337"><subfield code="b">v</subfield><subfield code="2">rdamedia</subfield></datafield><datafield ind1=" " ind2=" " tag="338"><subfield code="b">vd</subfield><subfield code="2">rdacarrier</subfield></datafield><datafield ind1="0" ind2=" " tag="490"><subfield code="a">Infrarouge</subfield></datafield><datafield ind1=" " ind2=" " tag="500"><subfield code="a">Diffusé sur France 2, le 21 avril 2015</subfield></datafield><datafield ind1=" " ind2=" " tag="500"><subfield code="a">Rediffusé le 07.03.2017 sur FR 2</subfield></datafield><datafield ind1="8" ind2=" " tag="520"><subfield code="a">&quot;Des mères, des &quot;daronnes&quot; comme on les appelle dans les quartiers populaires en France parlent de leur vie de femmes, de leurs avortements, de leurs amours, de leurs enfants mais aussi de leurs rêves et de leurs projets. Pour Rahma, Sabrina, Yamina, Habiba, Zineb et Aline, ces confidences qu'elles livrent avec humour et émotion à Bouchera Azzouz, fille de Rhama et auteur du film tissent le récit de leur combat vers l'émancipation et la liberté.&quot;</subfield><subfield code="5">RERO/geumem/05.2015</subfield></datafield><datafield ind1=" " ind2="7" tag="650"><subfield code="a">Immigrées</subfield><subfield code="0">(IDREF)027225860</subfield><subfield code="2">idref</subfield></datafield><datafield ind1=" " ind2="7" tag="650"><subfield code="a">Femmes</subfield><subfield code="0">(IDREF)027537242</subfield><subfield code="2">idref</subfield></datafield><datafield ind1=" " ind2="7" tag="650"><subfield code="a">Émancipation</subfield><subfield code="0">(IDREF)03503243X</subfield><subfield code="2">idref</subfield></datafield><datafield ind1=" " ind2="7" tag="650"><subfield code="a">Quartiers pauvres</subfield><subfield code="0">(IDREF)030861187</subfield><subfield code="2">idref</subfield></datafield><datafield ind1=" " ind2="7" tag="650"><subfield code="a">Mères</subfield><subfield code="0">(IDREF)027347729</subfield><subfield code="2">idref</subfield></datafield><datafield ind1=" " ind2="7" tag="651"><subfield code="a">France</subfield><subfield code="0">(IDREF)027226794</subfield><subfield code="2">idref</subfield></datafield><datafield ind1=" " ind2="7" tag="655"><subfield code="a">DVD</subfield><subfield code="0">(IDREF)035108444</subfield><subfield code="2">idref</subfield></datafield><datafield ind1="1" ind2=" " tag="700"><subfield code="a">Azzouz, Bouchera</subfield><subfield code="d">19..-....</subfield><subfield code="0">(IDREF)18497741X</subfield></datafield><datafield ind1="1" ind2=" " tag="700"><subfield code="a">Stalens, Marion</subfield><subfield code="0">(RERO)A013445702</subfield></datafield></record>
</metadata></record>