<record><header><identifier>oai:alma.41SLSP_UGE:991000799839705502</identifier><datestamp>2023-03-05T01:09:10Z</datestamp><setSpec>uge_bcen_RapidILL_BOOK</setSpec><setSpec>uge_aaca_RapidILL_BOOK</setSpec><setSpec>uge_abels_RapidILL_BOOK</setSpec><setSpec>uge_dbu_RapidILL_BOOK</setSpec><setSpec>uge_cmu_RapidILL_BOOK</setSpec><setSpec>uge_mail_RapidILL_BOOK</setSpec><setSpec>UNIGE_ALL</setSpec><setSpec>uge_abbat_RapidILL_BOOK</setSpec><setSpec>uge_acar_RapidILL_BOOK</setSpec><setSpec>uge_aobs_RapidILL_BOOK</setSpec></header><metadata>
<record xmlns="http://www.loc.gov/MARC21/slim" xmlns:xsi="http://www.w3.org/2001/XMLSchema-instance" xsi:schemaLocation="http://www.loc.gov/MARC21/slim http://www.loc.gov/standards/marcxml/schema/MARC21slim.xsd"><leader>01472nam a2200361 c 4500</leader><controlfield tag="001">991000799839705502</controlfield><controlfield tag="005">20201229233708.0</controlfield><controlfield tag="008">201011s1984    fr ||||| |||| 00| ||fre d</controlfield><datafield ind1=" " ind2=" " tag="020"><subfield code="a">2711620018</subfield></datafield><datafield ind1="7" ind2=" " tag="024"><subfield code="a">http://catalogue.bnf.fr/ark:/12148/cb347650070</subfield><subfield code="2">uri</subfield></datafield><datafield ind1=" " ind2=" " tag="035"><subfield code="a">(swissbib)212047604-41slsp_network</subfield></datafield><datafield ind1=" " ind2=" " tag="035"><subfield code="a">212047604</subfield><subfield code="9">ExL</subfield></datafield><datafield ind1=" " ind2=" " tag="035"><subfield code="a">(RERO)2233497-41slsp</subfield></datafield><datafield ind1=" " ind2=" " tag="035"><subfield code="a">(IDSBB)004800467DSV01</subfield></datafield><datafield ind1=" " ind2=" " tag="035"><subfield code="a">(NEBIS)000344259EBI01</subfield></datafield><datafield ind1=" " ind2=" " tag="035"><subfield code="a">(EXLNZ-41SLSP_NETWORK)991142502789705501</subfield></datafield><datafield ind1=" " ind2=" " tag="040"><subfield code="a">RERO frbcuc</subfield><subfield code="d">CH-ZuSLS</subfield></datafield><datafield ind1=" " ind2="7" tag="072"><subfield code="a">ph</subfield><subfield code="2">rero</subfield></datafield><datafield ind1=" " ind2="7" tag="072"><subfield code="a">sg</subfield><subfield code="2">rero</subfield></datafield><datafield ind1="1" ind2=" " tag="100"><subfield code="a">Cournot, Antoine Augustin</subfield><subfield code="d">1801-1877</subfield><subfield code="0">(DE-588)118677144</subfield><subfield code="6">880-01</subfield></datafield><datafield ind1="1" ind2=" " tag="880"><subfield code="a">Cournot, Antoine Augustin</subfield><subfield code="0">(RERO)A003140022</subfield><subfield code="4">cre</subfield><subfield code="6">100-01</subfield></datafield><datafield ind1="1" ind2="0" tag="245"><subfield code="a">Exposition de la théorie des chances et des probabilités</subfield><subfield code="c">A.A. Cournot ; éd. par Bernard Bru</subfield></datafield><datafield ind1=" " ind2="1" tag="264"><subfield code="a">Paris</subfield><subfield code="b">J. Vrin</subfield><subfield code="b">C.N.R.S.</subfield><subfield code="c">1984</subfield></datafield><datafield ind1=" " ind2=" " tag="300"><subfield code="a">X, 383 p.</subfield><subfield code="c">23 cm</subfield><subfield code="e">dépl</subfield></datafield><datafield ind1=" " ind2=" " tag="336"><subfield code="b">txt</subfield><subfield code="2">rdacontent</subfield></datafield><datafield ind1=" " ind2=" " tag="337"><subfield code="b">n</subfield><subfield code="2">rdamedia</subfield></datafield><datafield ind1=" " ind2=" " tag="338"><subfield code="b">nc</subfield><subfield code="2">rdacarrier</subfield></datafield><datafield ind1="1" ind2=" " tag="490"><subfield code="a">Oeuvres complètes / A.A. Cournot</subfield><subfield code="v">t. 1</subfield></datafield><datafield ind1=" " ind2=" " tag="500"><subfield code="a">Die Originalausgabe des Werkes von A. A. Cournot erschien 1843 bei &quot;Librairie de L. Hachette&quot; in Paris</subfield></datafield><datafield ind1=" " ind2="7" tag="650"><subfield code="a">Wahrscheinlichkeitsrechnung</subfield><subfield code="2">idszbz</subfield></datafield><datafield ind1="1" ind2=" " tag="700"><subfield code="a">Bru, Bernard</subfield><subfield code="c">mathématicien</subfield><subfield code="d">1942-....</subfield><subfield code="0">(IDREF)028290097</subfield></datafield><datafield ind1="1" ind2=" " tag="800"><subfield code="a">Cournot, Antoine Augustin</subfield><subfield code="d">1801-1877</subfield><subfield code="t">Oeuvres complètes</subfield><subfield code="v">1</subfield><subfield code="w">(IDSBB)001547541DSV01</subfield></datafield><datafield ind1="1" ind2=" " tag="800"><subfield code="a">Cournot, Antoine Augustin</subfield><subfield code="d">1801-1877</subfield><subfield code="t">Oeuvres complètes</subfield><subfield code="v">1</subfield><subfield code="w">(NEBIS)000344258EBI01</subfield></datafield><datafield ind1=" " ind2=" " tag="900"><subfield code="a">REROnoselfmerge</subfield></datafield></record>
</metadata></record>