<record><header><identifier>oai:alma.41SLSP_UGE:991000799739705502</identifier><datestamp>2024-05-29T00:12:17Z</datestamp><setSpec>uge_bcen_RapidILL_BOOK</setSpec><setSpec>uge_aaca_RapidILL_BOOK</setSpec><setSpec>uge_abels_RapidILL_BOOK</setSpec><setSpec>uge_dbu_RapidILL_BOOK</setSpec><setSpec>uge_cmu_RapidILL_BOOK</setSpec><setSpec>uge_mail_RapidILL_BOOK</setSpec><setSpec>uge_abbat_RapidILL_BOOK</setSpec><setSpec>UNIGE_ALL</setSpec><setSpec>uge_aobs_RapidILL_BOOK</setSpec><setSpec>uge_acar_RapidILL_BOOK</setSpec></header><metadata>
<record xmlns="http://www.loc.gov/MARC21/slim" xmlns:xsi="http://www.w3.org/2001/XMLSchema-instance" xsi:schemaLocation="http://www.loc.gov/MARC21/slim http://www.loc.gov/standards/marcxml/schema/MARC21slim.xsd"><leader>01313nam a2200361 c 4500</leader><controlfield tag="001">991000799739705502</controlfield><controlfield tag="005">20230214191453.0</controlfield><controlfield tag="008">201011s2010    fr ||||| |||| 00| ||fre d</controlfield><datafield ind1=" " ind2=" " tag="020"><subfield code="a">9782200249427</subfield></datafield><datafield ind1="7" ind2=" " tag="024"><subfield code="a">http://catalogue.bnf.fr/ark:/12148/cb422713280</subfield><subfield code="2">uri</subfield></datafield><datafield ind1=" " ind2=" " tag="035"><subfield code="a">(swissbib)216170532-41slsp_network</subfield></datafield><datafield ind1=" " ind2=" " tag="035"><subfield code="a">216170532</subfield><subfield code="9">ExL</subfield></datafield><datafield ind1=" " ind2=" " tag="035"><subfield code="a">(RERO)R005469489-41slsp</subfield></datafield><datafield ind1=" " ind2=" " tag="035"><subfield code="a">(NEBIS)006153590EBI01</subfield></datafield><datafield ind1=" " ind2=" " tag="035"><subfield code="a">(EXLNZ-41SLSP_NETWORK)991002638759705501</subfield></datafield><datafield ind1=" " ind2=" " tag="040"><subfield code="a">RERO frbcuc</subfield><subfield code="d">CH-ZuSLS</subfield></datafield><datafield ind1=" " ind2="7" tag="072"><subfield code="a">ps</subfield><subfield code="2">rero</subfield></datafield><datafield ind1="1" ind2=" " tag="100"><subfield code="6">880-01</subfield><subfield code="a">Braunstein, Jean-François</subfield><subfield code="d">1953-....</subfield><subfield code="0">(IDREF)026750457</subfield><subfield code="4">cre</subfield></datafield><datafield ind1="1" ind2=" " tag="880"><subfield code="a">Braunstein, Jean-François</subfield><subfield code="d">1953-</subfield><subfield code="0">(DE-588)134262301</subfield><subfield code="6">100-01</subfield></datafield><datafield ind1="1" ind2="0" tag="245"><subfield code="a">Histoire de la psychologie</subfield><subfield code="c">Jean-François Braunstein, Evelyne Pewzner</subfield></datafield><datafield ind1=" " ind2=" " tag="250"><subfield code="a">3e éd.</subfield></datafield><datafield ind1=" " ind2="1" tag="264"><subfield code="a">Paris</subfield><subfield code="b">Armand Colin</subfield><subfield code="c">2010</subfield></datafield><datafield ind1=" " ind2=" " tag="300"><subfield code="a">222 p.</subfield></datafield><datafield ind1=" " ind2=" " tag="336"><subfield code="b">txt</subfield><subfield code="2">rdacontent</subfield></datafield><datafield ind1=" " ind2=" " tag="337"><subfield code="b">n</subfield><subfield code="2">rdamedia</subfield></datafield><datafield ind1=" " ind2=" " tag="338"><subfield code="b">nc</subfield><subfield code="2">rdacarrier</subfield></datafield><datafield ind1="0" ind2=" " tag="490"><subfield code="a">Cursus. Psychologie</subfield></datafield><datafield ind1=" " ind2="7" tag="650"><subfield code="a">Psychologie</subfield><subfield code="0">(IDREF)027346900</subfield><subfield code="2">idref</subfield></datafield><datafield ind1=" " ind2="7" tag="650"><subfield code="a">2500 av. J.-C.-20e siècle</subfield><subfield code="0">(RERO)A026984216</subfield><subfield code="2">rero</subfield></datafield><datafield ind1=" " ind2="7" tag="650"><subfield code="a">Antiquité</subfield><subfield code="0">(IDREF)027789888</subfield><subfield code="2">idref</subfield></datafield><datafield ind1=" " ind2="7" tag="650"><subfield code="a">HISTOIRE DE LA PSYCHOLOGIE</subfield><subfield code="9">fre</subfield><subfield code="0">(ETHUDK)000041629</subfield><subfield code="2">ethudk</subfield></datafield><datafield ind1="1" ind2=" " tag="700"><subfield code="a">Pewzner, Évelyne</subfield></datafield><datafield ind1="1" ind2=" " tag="700"><subfield code="a">Pewzner, Évelyne</subfield><subfield code="d">1939-....</subfield><subfield code="0">(IDREF)031525377</subfield></datafield><datafield ind1=" " ind2=" " tag="900"><subfield code="a">REROnoselfmerge</subfield></datafield></record>
</metadata></record>