<record><header><identifier>oai:alma.41SLSP_UGE:991000799359705502</identifier><datestamp>2024-10-12T00:16:14Z</datestamp><setSpec>uge_bcen_RapidILL_BOOK</setSpec><setSpec>uge_aaca_RapidILL_BOOK</setSpec><setSpec>uge_abels_RapidILL_BOOK</setSpec><setSpec>uge_dbu_RapidILL_BOOK</setSpec><setSpec>uge_cmu_RapidILL_BOOK</setSpec><setSpec>uge_mail_RapidILL_BOOK</setSpec><setSpec>uge_abbat_RapidILL_BOOK</setSpec><setSpec>UNIGE_ALL</setSpec><setSpec>uge_aobs_RapidILL_BOOK</setSpec><setSpec>uge_acar_RapidILL_BOOK</setSpec></header><metadata>
<record xmlns="http://www.loc.gov/MARC21/slim" xmlns:xsi="http://www.w3.org/2001/XMLSchema-instance" xsi:schemaLocation="http://www.loc.gov/MARC21/slim http://www.loc.gov/standards/marcxml/schema/MARC21slim.xsd"><leader>07026nam a2200721 c 4500</leader><controlfield tag="001">991000799359705502</controlfield><controlfield tag="005">20240410143633.0</controlfield><controlfield tag="008">201011s2011    sz            00| | ger|d</controlfield><datafield ind1=" " ind2=" " tag="019"><subfield code="a">PD 4506 R642</subfield><subfield code="5">NEBIS/10.2.2011</subfield></datafield><datafield ind1=" " ind2=" " tag="020"><subfield code="a">9783727215452</subfield></datafield><datafield ind1=" " ind2=" " tag="035"><subfield code="a">(swissbib)228454344-41slsp_network</subfield></datafield><datafield ind1=" " ind2=" " tag="035"><subfield code="a">228454344</subfield><subfield code="9">ExL</subfield></datafield><datafield ind1=" " ind2=" " tag="035"><subfield code="a">(NEBIS)006332922EBI01</subfield></datafield><datafield ind1=" " ind2=" " tag="035"><subfield code="a">(IDSBB)005590748DSV01</subfield></datafield><datafield ind1=" " ind2=" " tag="035"><subfield code="a">(IDSSG)000528227HSB01</subfield></datafield><datafield ind1=" " ind2=" " tag="035"><subfield code="a">(IDSLU)000985161ILU01</subfield></datafield><datafield ind1=" " ind2=" " tag="035"><subfield code="a">(RERO)R005957341-41slsp</subfield></datafield><datafield ind1=" " ind2=" " tag="035"><subfield code="a">(ALEX)bv001451540</subfield></datafield><datafield ind1=" " ind2=" " tag="035"><subfield code="a">(EXLNZ-41SLSP_NETWORK)991153948319705501</subfield></datafield><datafield ind1=" " ind2=" " tag="040"><subfield code="a">SzZuIDS HSG</subfield><subfield code="d">CH-ZuSLS</subfield></datafield><datafield ind1=" " ind2=" " tag="044"><subfield code="a">sz</subfield><subfield code="c">ch-be</subfield></datafield><datafield ind1=" " ind2="7" tag="072"><subfield code="a">rw</subfield><subfield code="2">SzZuIDS BS/BE</subfield></datafield><datafield ind1=" " ind2="7" tag="072"><subfield code="a">807</subfield><subfield code="2">IDS LU</subfield></datafield><datafield ind1=" " ind2="7" tag="072"><subfield code="a">841</subfield><subfield code="2">IDS LU</subfield></datafield><datafield ind1=" " ind2="7" tag="072"><subfield code="a">dr</subfield><subfield code="2">rero</subfield></datafield><datafield ind1="0" ind2="4" tag="082"><subfield code="a">346.49404</subfield><subfield code="2">22/ger</subfield></datafield><datafield ind1="0" ind2="4" tag="082"><subfield code="a">340</subfield></datafield><datafield ind1="1" ind2="4" tag="082"><subfield code="a">340</subfield><subfield code="2">15</subfield></datafield><datafield ind1=" " ind2=" " tag="084"><subfield code="a">CA/CH 70 g</subfield><subfield code="2">cjurrom</subfield></datafield><datafield ind1="1" ind2=" " tag="100"><subfield code="6">880-01</subfield><subfield code="a">Roberto, Vito</subfield><subfield code="d">1960-</subfield><subfield code="0">(DE-588)171118618</subfield></datafield><datafield ind1="1" ind2=" " tag="880"><subfield code="6">100-01</subfield><subfield code="a">Roberto, Vito</subfield><subfield code="d">1960-....</subfield><subfield code="0">(IDREF)261628348</subfield><subfield code="4">aut</subfield></datafield><datafield ind1="1" ind2="0" tag="245"><subfield code="a">Sachenrecht</subfield><subfield code="c">Vito Roberto, Stephanie Hrubesch-Millauer</subfield></datafield><datafield ind1=" " ind2=" " tag="250"><subfield code="a">2. Aufl.</subfield></datafield><datafield ind1=" " ind2="1" tag="264"><subfield code="a">Bern</subfield><subfield code="b">Stämpfli</subfield><subfield code="c">2011</subfield></datafield><datafield ind1=" " ind2=" " tag="300"><subfield code="a">181 S.</subfield><subfield code="b">Ill.</subfield><subfield code="c">30 cm</subfield></datafield><datafield ind1=" " ind2=" " tag="336"><subfield code="b">txt</subfield><subfield code="2">rdacontent</subfield></datafield><datafield ind1=" " ind2=" " tag="337"><subfield code="b">n</subfield><subfield code="2">rdamedia</subfield></datafield><datafield ind1=" " ind2=" " tag="338"><subfield code="b">nc</subfield><subfield code="2">rdacarrier</subfield></datafield><datafield ind1="0" ind2=" " tag="490"><subfield code="a">Stämpfli-Skripten</subfield></datafield><datafield ind1=" " ind2="7" tag="650"><subfield code="a">Sachenrecht</subfield><subfield code="2">idszbz</subfield></datafield><datafield ind1=" " ind2="7" tag="650"><subfield code="a">Sachenrecht</subfield><subfield code="0">(DE-588)4051148-0</subfield><subfield code="2">gnd</subfield></datafield><datafield ind1=" " ind2="7" tag="650"><subfield code="a">Sachenrecht</subfield><subfield code="9">ger</subfield><subfield code="0">(RERO)jurivoc000019225ger</subfield><subfield code="2">jurivoc</subfield></datafield><datafield ind1=" " ind2="7" tag="650"><subfield code="a">Droit des biens</subfield><subfield code="0">(IDREF)028472772</subfield><subfield code="2">idref</subfield></datafield><datafield ind1=" " ind2="7" tag="651"><subfield code="a">Schweiz</subfield><subfield code="2">idszbz</subfield></datafield><datafield ind1=" " ind2="7" tag="651"><subfield code="a">Schweiz</subfield><subfield code="0">(DE-588)4053881-3</subfield><subfield code="2">gnd</subfield></datafield><datafield ind1=" " ind2="7" tag="651"><subfield code="a">Schweiz</subfield><subfield code="9">ger</subfield><subfield code="0">(RERO)jurivoc000019912ger</subfield><subfield code="2">jurivoc</subfield></datafield><datafield ind1=" " ind2="7" tag="651"><subfield code="a">Suisse</subfield><subfield code="0">(IDREF)027249654</subfield><subfield code="2">idref</subfield></datafield><datafield ind1=" " ind2="7" tag="655"><subfield code="a">Lehrbuch</subfield><subfield code="2">idszbz</subfield></datafield><datafield ind1=" " ind2="7" tag="655"><subfield code="a">Lehrbuch</subfield><subfield code="2">gnd-content</subfield></datafield><datafield ind1=" " ind2="7" tag="655"><subfield code="a">Lehrmittel</subfield><subfield code="9">ger</subfield><subfield code="2">jurivoc</subfield><subfield code="0">(RERO)jurivoc000014108ger</subfield></datafield><datafield ind1=" " ind2="7" tag="655"><subfield code="a">Manuels d'enseignement</subfield><subfield code="0">(IDREF)027446514</subfield><subfield code="2">idref</subfield></datafield><datafield ind1=" " ind2=" " tag="690"><subfield code="a">Sachenrecht; Hypothek; Grundbesitz; Baurecht; Urteil Rechtsprechung; Zivilprozessrecht; Verbot; Zession; Prinzip; Besitz; Invalidenversicherung; Übertragung; Nutzungsrecht; Absatz; Erwerb; Errichtung; Forderung; Grundbuch; Haftfestigkeit; Klage; Verschreibung; Grundstück; Begründung; Eintragung; Aneignung; Anteil; Einleitung; Expansion; Glaube; Umfang; Rechtsgeschäft; Verzeichnis</subfield><subfield code="2">idssg-J</subfield></datafield><datafield ind1=" " ind2=" " tag="690"><subfield code="a">Akzessionsprinzip; Fahrniseigentum; Gesamteigentum; Kausalitätsprinzip; Spezialitätsprinzip; Vorkaufsrecht; Grundpfandverschreibung; Eigentumserwerb; Bauhandwerkerpfandrecht; Eigentumsbeschränkung; Eigentümerpfandrecht; Fahrnispfandrecht; Faustpfandrecht; Fremdbesitz; Gesamtbesitz; Grunddienstbarkeit; Miteigentumsanteil; Notrecht; Nutzungsbeschränkung; Quellenrecht; Retentionsrecht; Stockwerkeigentum; Traditionsprinzip; Verfügungsbeschränkung; Verfügungsrecht; Versatzpfand; Veräußerungsbeschränkung; Wohnrecht; Bodenverschiebung; Defensivfunktion; Eigentumsfreiheitsklage; Eigentumsklage; Fahrnisklage; Fahrnisverschreibung; Grundeigentümerhaftung; Grundstücksbeschreibung; Initiationsfunktion; Legitimationsfunktion; Offensivfunktion; Sachhaftung; Sicherheitshinterlegung; Sicherungsfunktion; Traditionsfunktion; Abbildungsverzeichnis; Besitzübertragung; Hauptbuch; Inhaltsverzeichnis; Pfandhaft; Pfandverwertung; Willenserklärung; Eigentümerdienstbarkeit; Eigentümerschuldbrief; Einzelfrage; Heimfall; Liegenschaftsverzeichnis; Papier-Schuldbrief; Personaldienstbarkeit; Rechtsverhältnis; Register-Schuldbrief; Sicherungszession; m-T; Anstaltsfund; Eigentumsherrschaft; Erbgang; Grundbuchbeamter; Grundgeschäft; Hilfsregister; Inhaberpapier; Inhaltsübersicht; Liegenschaftsbeschreibung; Nichtberechtigter; Pfandgegenstand; Pfandrechtsgeschäft; Rechtsfolge; Rechtsgrund; Rechtsinstitut; Rechtskraft; Rechtsobjekt; Rechtswirkung; Sicherungsgeschäft; Stockwerkeigentümergemeinschaft; Umgehungsgeschäft; Untergangsgrund; Verfügungsberechtigung; Verfügungsgeschäft; Verfügungsmacht; Warenpapier; Wasserablauf</subfield><subfield code="2">idssg-J</subfield></datafield><datafield ind1=" " ind2=" " tag="690"><subfield code="a">beschränktes Recht; bewegliche Sache; dinglicher Rechter; gesetzliche Beschränkung; mittelbares Grundpfandrecht; selbstständiger Besitz; selbstständiges Recht; unmittelbarer Besitz; unmittelbares Grundpfandrecht; verbrauchbare Sache; verschiedenes Recht; weiteres Prinzip; öffentlichrechtliche Eigentumsbeschränkung; allgemeines Prinzip; allgemeiner Untergangsgrund; amtliche Vermessung; andere Dienstbarkeit; anderer Rechter; anvertraute Sache; aussergrundbuchlicher Erwerb; außerordentlich Ersitzung; dauerndes Recht; dingliches Recht; dingliche Verfügung; dinglicher Vertrag; eidgenössisches Grundbuch; eigene Sache; eintragungsfähiges Rechtsverhältnis; enger Sinn; ergänzend Registerund; formelle Öffentlichkeit; gekommene Sache; gemeinsame Bestimmung; gemeinschaftliches Eigentum; gerichtliches Urteil; gesetzliches Grundpfandrecht; gesetzliche Vermutung; gesetzliches Vorkaufsrecht; guter Glaube; gültiges Grundgeschäft; horizontale Ausdehnung; höchstpersönlicher Charakter; irreguläres Pfandrecht; mittelbarer Besitz; negative Rechtskraft; neues Land; obligatorisches Recht; obligatorischer Rechter; ordentlich Ersitzung; persönliche Haftung; pfandrechtsähnliches Sicherungsgeschäft; positive Rechtskraft; privatrechtliche Eigentumsbeschränkung; rechtliche Beherrschbarkeit; rechtliche Verfügungsmacht; rechtsgeschäftliche Beschränkung; rechtsgeschäftlicher Eigentumserwerb; rechtsgeschäftliche Errichtung; rechtsgeschäftliches Vorkaufsrecht; sachenrechtliches Rechtsinstitut; selbstständiger Anteil; selbstständiges Rechtsobjekt; sichernde Forderung; sicherstellene Forderung; tatsächliche Verfügungsmacht; unbewegliche Sache; unselbstständiger Besitz; unverbrauchbare Sache; unzulässiges Umgehungsgeschäft; verlorene Sache; vertikale Ausdehnung; vertragliche Grundpfandverschreibung; vorläufige Eintragung; vorzeitiger Heimfall; weiteres Fahrnispfandrecht; weiterer Fall</subfield><subfield code="2">idssg-J</subfield></datafield><datafield ind1=" " ind2=" " tag="690"><subfield code="a">; weitere Unterscheidung; zweite Auflage; übermäßige Einwirkung</subfield><subfield code="2">idssg-J</subfield></datafield><datafield ind1=" " ind2=" " tag="690"><subfield code="a">Schweiz C4EXSI</subfield><subfield code="2">idssg-J</subfield></datafield><datafield ind1=" " ind2=" " tag="690"><subfield code="a">D. Fragen; D. Verpflichtungsgeschäft; E. Eigentumsverlust; E. Fragen; F. Bestandteile; F. Fragen; F. Fräsen; F. Organisation; persönlich Haftung Sachhaftung; Sachenrecht Vito Roberto Dr.iur.; Stephanie Hrubesch; zweit Auflage Stämpfli; Übersicht Selbsthilfe Besitzesschutzklagen</subfield><subfield code="2">idssg-J</subfield></datafield><datafield ind1=" " ind2=" " tag="691"><subfield code="e">PC 70 CH</subfield><subfield code="2">rzs-L1</subfield></datafield><datafield ind1="1" ind2=" " tag="700"><subfield code="a">Hrubesch-Millauer, Stephanie</subfield><subfield code="d">1975-….</subfield><subfield code="0">(IDREF)243997302</subfield></datafield><datafield ind1="1" ind2=" " tag="700"><subfield code="a">Hrubesch-Millauer, Stephanie</subfield><subfield code="d">1975-</subfield><subfield code="0">(DE-588)124021077</subfield></datafield><datafield ind1="4" ind2=" " tag="856"><subfield code="3">Titelblatt und Inhaltsverzeichnis</subfield><subfield code="u">https://toc.library.ethz.ch/objects/pdf/z01_978-3-7272-1545-2_01.pdf</subfield><subfield code="q">pdf</subfield></datafield><datafield ind1=" " ind2=" " tag="900"><subfield code="a">IDSZ2rwimon201102f</subfield><subfield code="c">IDSZ2buche 110228</subfield><subfield code="d">IDSZ2rwiswk201103b</subfield><subfield code="e">IDSZ2sust</subfield></datafield><datafield ind1=" " ind2=" " tag="900"><subfield code="a">IDSZ2zbzmon201106l</subfield><subfield code="c">IDSZ2meyr</subfield><subfield code="d">IDSZ2zbzswk201106u</subfield><subfield code="e">IDSZ2bruu</subfield></datafield><datafield ind1=" " ind2=" " tag="949"><subfield code="a">https://toc.library.ethz.ch/objects/pdf/z01_978-3-7272-1545-2_01.pdf</subfield></datafield></record>
</metadata></record>