<record><header><identifier>oai:alma.41SLSP_UGE:991000799669705502</identifier><datestamp>2023-03-01T01:09:36Z</datestamp><setSpec>uge_bcen_RapidILL_BOOK</setSpec><setSpec>uge_aaca_RapidILL_BOOK</setSpec><setSpec>uge_abels_RapidILL_BOOK</setSpec><setSpec>uge_dbu_RapidILL_BOOK</setSpec><setSpec>uge_cmu_RapidILL_BOOK</setSpec><setSpec>uge_mail_RapidILL_BOOK</setSpec><setSpec>UNIGE_ALL</setSpec><setSpec>uge_abbat_RapidILL_BOOK</setSpec><setSpec>uge_aobs_RapidILL_BOOK</setSpec><setSpec>uge_acar_RapidILL_BOOK</setSpec></header><metadata>
<record xmlns="http://www.loc.gov/MARC21/slim" xmlns:xsi="http://www.w3.org/2001/XMLSchema-instance" xsi:schemaLocation="http://www.loc.gov/MARC21/slim http://www.loc.gov/standards/marcxml/schema/MARC21slim.xsd"><leader>03102nam a2200361 c 4500</leader><controlfield tag="001">991000799669705502</controlfield><controlfield tag="005">20201227134826.0</controlfield><controlfield tag="008">951017r19931895ru ||||| |||| 00| ||rus d</controlfield><datafield ind1=" " ind2=" " tag="020"><subfield code="a">5250023770</subfield></datafield><datafield ind1=" " ind2=" " tag="035"><subfield code="a">(swissbib)090470494-41slsp_network</subfield></datafield><datafield ind1=" " ind2=" " tag="035"><subfield code="a">090470494</subfield><subfield code="9">ExL</subfield></datafield><datafield ind1=" " ind2=" " tag="035"><subfield code="a">(RERO)2093275-41slsp</subfield></datafield><datafield ind1=" " ind2=" " tag="035"><subfield code="a">(EXLNZ-41SLSP_NETWORK)991065978869705501</subfield></datafield><datafield ind1=" " ind2=" " tag="040"><subfield code="a">RERO geulru</subfield><subfield code="d">CH-ZuSLS</subfield></datafield><datafield ind1=" " ind2="7" tag="072"><subfield code="a">ru</subfield><subfield code="2">rero</subfield></datafield><datafield ind1="1" ind2=" " tag="100"><subfield code="6">880-01</subfield><subfield code="a">Mordovtsev, Daniil Loukitch</subfield><subfield code="d">1830-1905</subfield><subfield code="0">(IDREF)061619779</subfield><subfield code="4">cre</subfield></datafield><datafield ind1="1" ind2=" " tag="880"><subfield code="6">100-01/(N</subfield><subfield code="a">Мордовцев, Даниил Лукич</subfield></datafield><datafield ind1="1" ind2="0" tag="245"><subfield code="6">880-02</subfield><subfield code="a">Avanti︠u︡risty</subfield><subfield code="c">Daniil Mordovt︠s︡ev. Kudesnik / Evgeniĭ Salias ; [zavedui︠u︡shchiĭ red. V.M. Podugolʹnikov ; red. N.B. Chunakova]</subfield></datafield><datafield ind1="1" ind2="0" tag="880"><subfield code="6">245-02/(N</subfield><subfield code="a">Авантюристы</subfield><subfield code="c">Даниил Мордовцев. Кудесник / Евгений Салиас ; [заведующий ред. В.М. Подугольников ; ред. Н.Б. Чунакова]</subfield></datafield><datafield ind1="1" ind2=" " tag="246"><subfield code="a">Avantjuristy / Daniil Mordovcev. Kudesnik / Evgenij Salias ; [zavedujuščij red. V.M. Podugolʹnikov ; red. N.B. Čunakova]</subfield></datafield><datafield ind1=" " ind2="1" tag="264"><subfield code="6">880-03</subfield><subfield code="a">Moskva</subfield><subfield code="b">Respublika</subfield><subfield code="c">1993</subfield></datafield><datafield ind1=" " ind2="1" tag="880"><subfield code="6">264-03/(N</subfield><subfield code="a">Москва</subfield><subfield code="b">Республика</subfield><subfield code="c">1993</subfield></datafield><datafield ind1=" " ind2=" " tag="300"><subfield code="a">364 p.</subfield><subfield code="b">ill.</subfield><subfield code="c">21 cm</subfield></datafield><datafield ind1=" " ind2=" " tag="336"><subfield code="b">txt</subfield><subfield code="2">rdacontent</subfield></datafield><datafield ind1=" " ind2=" " tag="337"><subfield code="b">n</subfield><subfield code="2">rdamedia</subfield></datafield><datafield ind1=" " ind2=" " tag="338"><subfield code="b">nc</subfield><subfield code="2">rdacarrier</subfield></datafield><datafield ind1=" " ind2=" " tag="534"><subfield code="6">880-04</subfield><subfield code="p">Reprod. de l'éd. de:</subfield><subfield code="c">Moskva : A.A. Karcev, 1895</subfield></datafield><datafield ind1=" " ind2=" " tag="880"><subfield code="6">534-04/(N</subfield><subfield code="p">Reprod. de l'éd. de:</subfield><subfield code="c">Москва : А.А. Карцев, 1895</subfield></datafield><datafield ind1="1" ind2=" " tag="700"><subfield code="a">Salias de Turnemir, Evgeniĭ Andreevich</subfield><subfield code="d">1840-1908</subfield></datafield><datafield ind1="1" ind2=" " tag="700"><subfield code="6">880-05</subfield><subfield code="a">Podugolʹnikov, V.M</subfield><subfield code="0">(IDREF)243908806</subfield></datafield><datafield ind1="1" ind2=" " tag="880"><subfield code="6">700-05/(N</subfield><subfield code="a">Подугольников, В.М</subfield></datafield><datafield ind1="1" ind2="2" tag="700"><subfield code="6">880-06</subfield><subfield code="a">Salias de Turnemir, Evgeniĭ Andreevich</subfield><subfield code="d">1840-1908</subfield><subfield code="t">Kudesnik</subfield></datafield><datafield ind1="1" ind2="2" tag="880"><subfield code="6">700-06/(N</subfield><subfield code="a">Салиас де Турнемир, Евгений Андреевич</subfield><subfield code="d">1840-1908</subfield><subfield code="t">Кудесник</subfield></datafield><datafield ind1=" " ind2=" " tag="900"><subfield code="a">REROnoselfmerge</subfield></datafield></record>
</metadata></record>