<record><header><identifier>oai:alma.41SLSP_UGE:991000800089705502</identifier><datestamp>2023-03-01T01:09:36Z</datestamp><setSpec>uge_bcen_RapidILL_BOOK</setSpec><setSpec>uge_aaca_RapidILL_BOOK</setSpec><setSpec>uge_abels_RapidILL_BOOK</setSpec><setSpec>uge_dbu_RapidILL_BOOK</setSpec><setSpec>uge_cmu_RapidILL_BOOK</setSpec><setSpec>uge_mail_RapidILL_BOOK</setSpec><setSpec>UNIGE_ALL</setSpec><setSpec>uge_abbat_RapidILL_BOOK</setSpec><setSpec>uge_aobs_RapidILL_BOOK</setSpec><setSpec>uge_acar_RapidILL_BOOK</setSpec></header><metadata>
<record xmlns="http://www.loc.gov/MARC21/slim" xmlns:xsi="http://www.w3.org/2001/XMLSchema-instance" xsi:schemaLocation="http://www.loc.gov/MARC21/slim http://www.loc.gov/standards/marcxml/schema/MARC21slim.xsd"><leader>01932nam a2200457 c 4500</leader><controlfield tag="001">991000800089705502</controlfield><controlfield tag="005">20201231131422.0</controlfield><controlfield tag="008">201011s1986    it ||||| |||| 00| ||ita d</controlfield><datafield ind1=" " ind2=" " tag="035"><subfield code="a">(swissbib)230164498-41slsp_network</subfield></datafield><datafield ind1=" " ind2=" " tag="035"><subfield code="a">230164498</subfield><subfield code="9">ExL</subfield></datafield><datafield ind1=" " ind2=" " tag="035"><subfield code="a">(RERO)0713395-41slsp</subfield></datafield><datafield ind1=" " ind2=" " tag="035"><subfield code="a">(IDSBB)000167159DSV01</subfield></datafield><datafield ind1=" " ind2=" " tag="035"><subfield code="a">(NEBIS)003178108EBI01</subfield></datafield><datafield ind1=" " ind2=" " tag="035"><subfield code="a">(EXLNZ-41SLSP_NETWORK)991130601579705501</subfield></datafield><datafield ind1=" " ind2=" " tag="040"><subfield code="a">RERO labcud</subfield><subfield code="d">CH-ZuSLS</subfield></datafield><datafield ind1="1" ind2=" " tag="041"><subfield code="a">ita</subfield><subfield code="h">lat</subfield></datafield><datafield ind1=" " ind2="7" tag="072"><subfield code="a">la</subfield><subfield code="2">rero</subfield></datafield><datafield ind1=" " ind2="7" tag="072"><subfield code="a">kp</subfield><subfield code="2">SzZuIDS BS/BE</subfield></datafield><datafield ind1="1" ind2=" " tag="100"><subfield code="6">880-01</subfield><subfield code="a">Martial</subfield><subfield code="d">0040?-0104?</subfield><subfield code="0">(IDREF)027383709</subfield><subfield code="4">cre</subfield></datafield><datafield ind1="1" ind2=" " tag="880"><subfield code="a">Martialis, Marcus Valerius</subfield><subfield code="d">38-102</subfield><subfield code="0">(DE-588)11857826X</subfield><subfield code="6">100-01</subfield></datafield><datafield ind1="1" ind2="0" tag="240"><subfield code="a">Epigrammata</subfield><subfield code="p">Lib. 1</subfield></datafield><datafield ind1="1" ind2="0" tag="245"><subfield code="a">&lt;&lt;&quot;Gli&gt;&gt; spettacoli&quot; di Marziale</subfield><subfield code="b">tradotti e commentati</subfield><subfield code="c">Francesco Della Corte</subfield></datafield><datafield ind1=" " ind2=" " tag="250"><subfield code="a">[3a edizione.]</subfield></datafield><datafield ind1=" " ind2="1" tag="264"><subfield code="a">Genova</subfield><subfield code="b">Università di Genova Istituto di filologia classica e medievale</subfield><subfield code="c">1986</subfield></datafield><datafield ind1=" " ind2=" " tag="300"><subfield code="a">67 p.</subfield><subfield code="c">22 cm</subfield></datafield><datafield ind1=" " ind2=" " tag="336"><subfield code="b">txt</subfield><subfield code="2">rdacontent</subfield></datafield><datafield ind1=" " ind2=" " tag="337"><subfield code="b">n</subfield><subfield code="2">rdamedia</subfield></datafield><datafield ind1=" " ind2=" " tag="338"><subfield code="b">nc</subfield><subfield code="2">rdacarrier</subfield></datafield><datafield ind1="1" ind2=" " tag="490"><subfield code="a">Pubblicazioni dell'Istituto di filologia classica e medievale dell'Università di Genova</subfield><subfield code="v">90</subfield></datafield><datafield ind1=" " ind2=" " tag="500"><subfield code="a">Traduit de: Epigrammata.</subfield></datafield><datafield ind1=" " ind2=" " tag="500"><subfield code="a">Originaltitel: Epigrammata, Lib. 1</subfield></datafield><datafield ind1=" " ind2=" " tag="500"><subfield code="a">Enth.: Lat.-ital. Paralleltext</subfield></datafield><datafield ind1=" " ind2=" " tag="500"><subfield code="a">1. Aufl. 1946</subfield></datafield><datafield ind1=" " ind2=" " tag="500"><subfield code="a">Vorspann: Università di Genova, Facoltà di lettere</subfield></datafield><datafield ind1="1" ind2="7" tag="600"><subfield code="a">Martialis, Marcus Valerius</subfield><subfield code="d">38-102</subfield><subfield code="0">(DE-588)11857826X</subfield><subfield code="2">gnd</subfield></datafield><datafield ind1="1" ind2="0" tag="600"><subfield code="a">Martial</subfield><subfield code="v">Translations into Italian</subfield></datafield><datafield ind1="1" ind2=" " tag="700"><subfield code="a">Della Corte, Francesco</subfield><subfield code="d">1913-1991</subfield><subfield code="0">(DE-588)118861352</subfield><subfield code="6">880-02</subfield></datafield><datafield ind1="1" ind2=" " tag="880"><subfield code="6">700-02</subfield><subfield code="a">Della Corte, Francesco</subfield><subfield code="d">1913-1991</subfield><subfield code="0">(IDREF)02837200X</subfield></datafield><datafield ind1=" " ind2=" " tag="830"><subfield code="a">Pubblicazioni dell'Istituto di filologia classica e medievale</subfield><subfield code="v">90</subfield><subfield code="w">(IDSBB)000033955DSV01</subfield></datafield><datafield ind1=" " ind2=" " tag="830"><subfield code="a">Pubblicazioni dell'Istituto di Filologia Classica e Medioevale, Università di Genova, Facoltà di Lettere</subfield><subfield code="v">90</subfield><subfield code="w">(NEBIS)000987664EBI01</subfield></datafield><datafield ind1=" " ind2=" " tag="900"><subfield code="a">REROnoselfmerge</subfield></datafield><datafield ind1=" " ind2=" " tag="900"><subfield code="a">IDSZRMedeaZBZ</subfield><subfield code="b">IDSZRSWK</subfield></datafield></record>
</metadata></record>