<record><header><identifier>oai:alma.41SLSP_UGE:991000800279705502</identifier><datestamp>2023-03-01T01:09:36Z</datestamp><setSpec>uge_bcen_RapidILL_BOOK</setSpec><setSpec>uge_aaca_RapidILL_BOOK</setSpec><setSpec>uge_abels_RapidILL_BOOK</setSpec><setSpec>uge_dbu_RapidILL_BOOK</setSpec><setSpec>uge_cmu_RapidILL_BOOK</setSpec><setSpec>uge_mail_RapidILL_BOOK</setSpec><setSpec>UNIGE_ALL</setSpec><setSpec>uge_abbat_RapidILL_BOOK</setSpec><setSpec>uge_aobs_RapidILL_BOOK</setSpec><setSpec>uge_acar_RapidILL_BOOK</setSpec></header><metadata>
<record xmlns="http://www.loc.gov/MARC21/slim" xmlns:xsi="http://www.w3.org/2001/XMLSchema-instance" xsi:schemaLocation="http://www.loc.gov/MARC21/slim http://www.loc.gov/standards/marcxml/schema/MARC21slim.xsd"><leader>03651nam a2200433 c 4500</leader><controlfield tag="001">991000800279705502</controlfield><controlfield tag="005">20201227133352.0</controlfield><controlfield tag="008">031016s2002    ru ||||| |||| 00| ||rus d</controlfield><datafield ind1=" " ind2=" " tag="020"><subfield code="a">5946680056</subfield></datafield><datafield ind1="7" ind2=" " tag="024"><subfield code="a">http://catalogue.bnf.fr/ark:/12148/cb39038183z</subfield><subfield code="2">uri</subfield></datafield><datafield ind1=" " ind2=" " tag="035"><subfield code="a">(swissbib)099833220-41slsp_network</subfield></datafield><datafield ind1=" " ind2=" " tag="035"><subfield code="a">099833220</subfield><subfield code="9">ExL</subfield></datafield><datafield ind1=" " ind2=" " tag="035"><subfield code="a">(RERO)R003524197-41slsp</subfield></datafield><datafield ind1=" " ind2=" " tag="035"><subfield code="a">(EXLNZ-41SLSP_NETWORK)991078916219705501</subfield></datafield><datafield ind1=" " ind2=" " tag="040"><subfield code="a">RERO geulru</subfield><subfield code="d">CH-ZuSLS</subfield></datafield><datafield ind1=" " ind2="7" tag="072"><subfield code="a">ru</subfield><subfield code="2">rero</subfield></datafield><datafield ind1="1" ind2=" " tag="100"><subfield code="6">880-01</subfield><subfield code="a">Gippius, Zinaida Nikolaevna</subfield><subfield code="d">1869-1945</subfield><subfield code="0">(IDREF)028297938</subfield><subfield code="4">cre</subfield></datafield><datafield ind1="1" ind2=" " tag="880"><subfield code="6">100-01/(N</subfield><subfield code="a">Гиппиус, Зинаида Николаевна</subfield></datafield><datafield ind1="1" ind2="0" tag="245"><subfield code="6">880-02</subfield><subfield code="a">Mechty i koshmar</subfield><subfield code="c">Z.N. Gippius</subfield></datafield><datafield ind1="1" ind2="0" tag="880"><subfield code="6">245-02/(N</subfield><subfield code="a">Мечты и кошмар</subfield><subfield code="c">З.Н. Гиппиус</subfield></datafield><datafield ind1="1" ind2=" " tag="246"><subfield code="a">Mečty i košmar / Z.N. Gippius</subfield></datafield><datafield ind1=" " ind2="1" tag="264"><subfield code="6">880-03</subfield><subfield code="a">Sankt-Peterburg</subfield><subfield code="b">Rostok</subfield><subfield code="c">2002</subfield></datafield><datafield ind1=" " ind2="1" tag="880"><subfield code="6">264-03/(N</subfield><subfield code="a">Санкт-Петербург</subfield><subfield code="b">Росток</subfield><subfield code="c">2002</subfield></datafield><datafield ind1=" " ind2=" " tag="300"><subfield code="a">558 p.</subfield><subfield code="c">21 cm</subfield></datafield><datafield ind1=" " ind2=" " tag="336"><subfield code="b">txt</subfield><subfield code="2">rdacontent</subfield></datafield><datafield ind1=" " ind2=" " tag="337"><subfield code="b">n</subfield><subfield code="2">rdamedia</subfield></datafield><datafield ind1=" " ind2=" " tag="338"><subfield code="b">nc</subfield><subfield code="2">rdacarrier</subfield></datafield><datafield ind1="1" ind2=" " tag="490"><subfield code="6">880-04</subfield><subfield code="a">Neizvestnaja proza</subfield><subfield code="v">T. 1</subfield></datafield><datafield ind1="0" ind2=" " tag="880"><subfield code="6">490-04/(N</subfield><subfield code="a">Неизвестная проза</subfield><subfield code="v">Т. 1</subfield></datafield><datafield ind1="1" ind2=" " tag="490"><subfield code="6">880-05</subfield><subfield code="a">Serija &quot;Neizvestnyj XX vek&quot;</subfield></datafield><datafield ind1="0" ind2=" " tag="880"><subfield code="6">490-05/(N</subfield><subfield code="a">Серия &quot;Неизвестный XX век&quot;</subfield></datafield><datafield ind1=" " ind2=" " tag="500"><subfield code="a">Rossijskaja akademija nauk, Institut naučnoj informacii po obščestvennym naukam</subfield></datafield><datafield ind1=" " ind2=" " tag="500"><subfield code="a">La couv. porte: Neizvestnaja proza 1920-1925 godov</subfield></datafield><datafield ind1=" " ind2=" " tag="500"><subfield code="a">Российская академия наук, Институт научной информации по общественным наукам</subfield></datafield><datafield ind1=" " ind2=" " tag="500"><subfield code="a">La couv. porte: Неизвестная проза 1920-1925 годов</subfield></datafield><datafield ind1="1" ind2=" " tag="800"><subfield code="6">880-08</subfield><subfield code="a">Gippius, Zinaida Nikolaevna</subfield><subfield code="t">Neizvestnaja proza v trech tomach</subfield><subfield code="v">1</subfield></datafield><datafield ind1="1" ind2=" " tag="880"><subfield code="6">800-08/(N</subfield><subfield code="a">Гиппиус, Зинаида Николаевна</subfield><subfield code="t">Неизвестная проза в трех томах</subfield><subfield code="v">1</subfield></datafield><datafield ind1=" " ind2=" " tag="830"><subfield code="6">880-09</subfield><subfield code="a">Serii︠a︡ &quot;Neizvestnyĭ XX vek&quot;</subfield><subfield code="w">(RERO)R003524251-41slsp</subfield></datafield><datafield ind1=" " ind2="0" tag="880"><subfield code="6">830-09/(N</subfield><subfield code="a">Серия &quot;Неизвестный XX век&quot;</subfield></datafield><datafield ind1=" " ind2=" " tag="900"><subfield code="a">REROnoselfmerge</subfield></datafield></record>
</metadata></record>