<record><header><identifier>oai:alma.41SLSP_UGE:991000799759705502</identifier><datestamp>2023-03-01T01:09:36Z</datestamp><setSpec>uge_bcen_RapidILL_BOOK</setSpec><setSpec>uge_aaca_RapidILL_BOOK</setSpec><setSpec>uge_abels_RapidILL_BOOK</setSpec><setSpec>uge_dbu_RapidILL_BOOK</setSpec><setSpec>uge_cmu_RapidILL_BOOK</setSpec><setSpec>uge_mail_RapidILL_BOOK</setSpec><setSpec>UNIGE_ALL</setSpec><setSpec>uge_abbat_RapidILL_BOOK</setSpec><setSpec>uge_aobs_RapidILL_BOOK</setSpec><setSpec>uge_acar_RapidILL_BOOK</setSpec></header><metadata>
<record xmlns="http://www.loc.gov/MARC21/slim" xmlns:xsi="http://www.w3.org/2001/XMLSchema-instance" xsi:schemaLocation="http://www.loc.gov/MARC21/slim http://www.loc.gov/standards/marcxml/schema/MARC21slim.xsd"><leader>01998nam a2200553 c 4500</leader><controlfield tag="001">991000799759705502</controlfield><controlfield tag="005">20230127202500.0</controlfield><controlfield tag="008">201011s1992    fr ||||| |||| 00| ||fre d</controlfield><datafield ind1=" " ind2=" " tag="020"><subfield code="z">27144428274</subfield></datafield><datafield ind1=" " ind2=" " tag="035"><subfield code="a">(swissbib)228616360-41slsp_network</subfield></datafield><datafield ind1=" " ind2=" " tag="035"><subfield code="a">228616360</subfield><subfield code="9">ExL</subfield></datafield><datafield ind1=" " ind2=" " tag="035"><subfield code="a">(RERO)1626293-41slsp</subfield></datafield><datafield ind1=" " ind2=" " tag="035"><subfield code="a">(NEBIS)001247322EBI01</subfield></datafield><datafield ind1=" " ind2=" " tag="035"><subfield code="a">(EXLNZ-41SLSP_NETWORK)991096845889705501</subfield></datafield><datafield ind1=" " ind2=" " tag="040"><subfield code="a">RERO geubfd</subfield><subfield code="d">CH-ZuSLS</subfield></datafield><datafield ind1=" " ind2="7" tag="072"><subfield code="a">dr</subfield><subfield code="2">rero</subfield></datafield><datafield ind1="0" ind2="4" tag="082"><subfield code="a">346.066</subfield></datafield><datafield ind1=" " ind2=" " tag="084"><subfield code="a">CA/F 79.1 g</subfield><subfield code="2">cjurrom</subfield></datafield><datafield ind1=" " ind2=" " tag="084"><subfield code="a">CA/F 79.3 g</subfield><subfield code="2">cjurrom</subfield></datafield><datafield ind1="1" ind2=" " tag="100"><subfield code="a">Lemeunier, Francis</subfield><subfield code="0">(IDREF)026982390</subfield><subfield code="4">cre</subfield></datafield><datafield ind1="1" ind2="0" tag="245"><subfield code="a">S.A.R.L</subfield><subfield code="b">constitution, gestion</subfield><subfield code="c">Francis Lemeunier ; avec la collab. du Centre international du droit des affaires</subfield></datafield><datafield ind1="1" ind2=" " tag="246"><subfield code="a">SARL</subfield></datafield><datafield ind1=" " ind2=" " tag="250"><subfield code="a">18e éd. ent. ref., [à jour au 1er juin 1992]</subfield></datafield><datafield ind1=" " ind2="1" tag="264"><subfield code="a">Paris</subfield><subfield code="b">Delmas</subfield><subfield code="b">Belfond</subfield><subfield code="c">1992</subfield></datafield><datafield ind1=" " ind2=" " tag="300"><subfield code="a">375 p.</subfield><subfield code="b">ill.</subfield><subfield code="c">27 cm</subfield></datafield><datafield ind1=" " ind2=" " tag="336"><subfield code="b">txt</subfield><subfield code="2">rdacontent</subfield></datafield><datafield ind1=" " ind2=" " tag="337"><subfield code="b">n</subfield><subfield code="2">rdamedia</subfield></datafield><datafield ind1=" " ind2=" " tag="338"><subfield code="b">nc</subfield><subfield code="2">rdacarrier</subfield></datafield><datafield ind1="1" ind2=" " tag="490"><subfield code="a">Ce qu'il vous faut savoir</subfield></datafield><datafield ind1="0" ind2=" " tag="490"><subfield code="a">Collection française</subfield></datafield><datafield ind1="0" ind2=" " tag="490"><subfield code="a">Encyclopédie Delmas pour la vie des affaires. Droit des sociétés</subfield></datafield><datafield ind1=" " ind2=" " tag="500"><subfield code="a">A jour au 1er juin 1992</subfield></datafield><datafield ind1=" " ind2=" " tag="500"><subfield code="a">andere Ausgabe: S.A.R.L.</subfield></datafield><datafield ind1=" " ind2=" " tag="500"><subfield code="a">andere Ausgabe: SARL</subfield></datafield><datafield ind1=" " ind2=" " tag="500"><subfield code="a">SARL</subfield></datafield><datafield ind1=" " ind2=" " tag="504"><subfield code="a">Bibliogr</subfield></datafield><datafield ind1=" " ind2=" " tag="504"><subfield code="a">Literaturverz.</subfield></datafield><datafield ind1="0" ind2=" " tag="505"><subfield code="a">Enthält im Anhang: Textes législatifs et réglementaires</subfield></datafield><datafield ind1=" " ind2="7" tag="650"><subfield code="a">Gestion d'entreprise</subfield><subfield code="0">(IDREF)027228096</subfield><subfield code="2">idref</subfield></datafield><datafield ind1=" " ind2="7" tag="650"><subfield code="a">société à responsabilité limitée</subfield><subfield code="0">(RERO)A010151415</subfield><subfield code="2">rerovoc</subfield></datafield><datafield ind1=" " ind2="7" tag="650"><subfield code="a">GmbH</subfield><subfield code="2">idszbz</subfield></datafield><datafield ind1=" " ind2="7" tag="650"><subfield code="a">Recht</subfield><subfield code="2">idszbz</subfield></datafield><datafield ind1=" " ind2="7" tag="651"><subfield code="a">France</subfield><subfield code="0">(IDREF)027226794</subfield><subfield code="2">idref</subfield></datafield><datafield ind1=" " ind2="7" tag="651"><subfield code="a">Frankreich</subfield><subfield code="2">idszbz</subfield></datafield><datafield ind1=" " ind2="7" tag="655"><subfield code="a">Einführung</subfield><subfield code="2">idszbz</subfield></datafield><datafield ind1="1" ind2="2" tag="700"><subfield code="a">Lemeunier, Francis</subfield><subfield code="t">SARL</subfield></datafield><datafield ind1="2" ind2=" " tag="710"><subfield code="6">880-03</subfield><subfield code="a">Centre international du droit des affaires</subfield><subfield code="0">(IDREF)026510510</subfield></datafield><datafield ind1="2" ind2=" " tag="880"><subfield code="a">Centre International du Droit des Affaires</subfield><subfield code="0">(DE-588)1000680-1</subfield><subfield code="6">710-03</subfield></datafield><datafield ind1=" " ind2=" " tag="830"><subfield code="a">Ce qu'il vous faut savoir</subfield><subfield code="w">(RERO)0337366-41slsp</subfield></datafield><datafield ind1=" " ind2=" " tag="900"><subfield code="a">REROnoselfmerge</subfield></datafield></record>
</metadata></record>