<record><header><identifier>oai:alma.41SLSP_UGE:991000799869705502</identifier><datestamp>2023-03-01T01:09:36Z</datestamp><setSpec>uge_bcen_RapidILL_BOOK</setSpec><setSpec>uge_aaca_RapidILL_BOOK</setSpec><setSpec>uge_abels_RapidILL_BOOK</setSpec><setSpec>uge_dbu_RapidILL_BOOK</setSpec><setSpec>uge_cmu_RapidILL_BOOK</setSpec><setSpec>uge_mail_RapidILL_BOOK</setSpec><setSpec>UNIGE_ALL</setSpec><setSpec>uge_abbat_RapidILL_BOOK</setSpec><setSpec>uge_aobs_RapidILL_BOOK</setSpec><setSpec>uge_acar_RapidILL_BOOK</setSpec></header><metadata>
<record xmlns="http://www.loc.gov/MARC21/slim" xmlns:xsi="http://www.w3.org/2001/XMLSchema-instance" xsi:schemaLocation="http://www.loc.gov/MARC21/slim http://www.loc.gov/standards/marcxml/schema/MARC21slim.xsd"><leader>01161nam a2200325 c 4500</leader><controlfield tag="001">991000799869705502</controlfield><controlfield tag="005">20211121095553.0</controlfield><controlfield tag="008">930222s1992    xxu||||| |||| 00| ||eng d</controlfield><datafield ind1=" " ind2=" " tag="020"><subfield code="a">0691073058</subfield></datafield><datafield ind1=" " ind2=" " tag="020"><subfield code="a">0691020892</subfield><subfield code="q">pbk.</subfield></datafield><datafield ind1=" " ind2=" " tag="035"><subfield code="a">(swissbib)087341441-41slsp_network</subfield></datafield><datafield ind1=" " ind2=" " tag="035"><subfield code="a">087341441</subfield><subfield code="9">ExL</subfield></datafield><datafield ind1=" " ind2=" " tag="035"><subfield code="a">(RERO)1646573-41slsp</subfield></datafield><datafield ind1=" " ind2=" " tag="035"><subfield code="a">(EXLNZ-41SLSP_NETWORK)991142510199705501</subfield></datafield><datafield ind1=" " ind2=" " tag="040"><subfield code="a">RERO frbcuc</subfield><subfield code="d">CH-ZuSLS</subfield></datafield><datafield ind1="1" ind2=" " tag="041"><subfield code="a">eng</subfield><subfield code="h">grc</subfield></datafield><datafield ind1=" " ind2="7" tag="072"><subfield code="a">ph</subfield><subfield code="2">rero</subfield></datafield><datafield ind1="1" ind2=" " tag="080"><subfield code="a">1&quot;0442&quot;Pro7Par</subfield></datafield><datafield ind1="0" ind2=" " tag="100"><subfield code="a">Proclus</subfield><subfield code="d">0412-0485</subfield><subfield code="0">(IDREF)027441431</subfield><subfield code="4">cre</subfield></datafield><datafield ind1="1" ind2="0" tag="245"><subfield code="a">Proclus' Commentary on Plato's Parmenides</subfield><subfield code="c">transl. by Glenn R. Morrow and John M. Dillon ; with introd. and notes by John M. Dillon</subfield></datafield><datafield ind1=" " ind2="1" tag="264"><subfield code="a">Princeton</subfield><subfield code="b">Princeton Univ. Press</subfield><subfield code="c">1987 (impr. 1992)</subfield></datafield><datafield ind1=" " ind2=" " tag="300"><subfield code="a">XLVI, 616 p.</subfield><subfield code="c">24 cm</subfield></datafield><datafield ind1=" " ind2=" " tag="336"><subfield code="b">txt</subfield><subfield code="2">rdacontent</subfield></datafield><datafield ind1=" " ind2=" " tag="337"><subfield code="b">n</subfield><subfield code="2">rdamedia</subfield></datafield><datafield ind1=" " ind2=" " tag="338"><subfield code="b">nc</subfield><subfield code="2">rdacarrier</subfield></datafield><datafield ind1="1" ind2=" " tag="490"><subfield code="a">Princeton paperbacks</subfield></datafield><datafield ind1=" " ind2=" " tag="500"><subfield code="a">Titre conventionnel: Commentarium in Parmenidem</subfield></datafield><datafield ind1="1" ind2=" " tag="700"><subfield code="a">Morrow, Glenn Raymond</subfield><subfield code="d">1895-1973</subfield><subfield code="0">(IDREF)03269203X</subfield></datafield><datafield ind1="1" ind2=" " tag="700"><subfield code="a">Dillon, John Myles</subfield><subfield code="d">1939-....</subfield><subfield code="0">(IDREF)068902018</subfield></datafield><datafield ind1=" " ind2=" " tag="830"><subfield code="a">Princeton paperbacks</subfield><subfield code="w">(RERO)0338136-41slsp</subfield></datafield><datafield ind1=" " ind2=" " tag="900"><subfield code="a">REROnoselfmerge</subfield></datafield></record>
</metadata></record>